Customer Number,Item Number,year_month,quarter,region_name,sales,Qty Shipped,COGS,gross_profit,Gross Margin,cost_per_unit
1,1452038.02,2021-01,2021Q1,West,13996.8,648,3851,10145.8,72.49,21.599999999999998
1,1452038.02,2021-02,2021Q1,South,4665.6,216,959,3706.6,79.45,21.6
1,1452038.02,2021-03,2021Q1,East,4665.6,216,1210,3455.600000000001,74.07,21.6
1,1452038.02,2021-03,2021Q1,South,9331.2,432,2915,6416.200000000002,68.76,21.6
1,1452038.02,2021-04,2021Q2,East,9331.2,432,2064,7267.200000000002,77.88,21.6
1,1452038.02,2021-04,2021Q2,South,9331.2,432,2433,6898.200000000002,73.93,21.6
1,1452038.02,2021-05,2021Q2,South,9331.2,432,2557,6774.200000000002,72.6,21.6
1,1452038.02,2021-06,2021Q2,West,9331.2,432,2764,6567.200000000002,70.38,21.6
1,1452038.02,2021-07,2021Q3,East,9331.2,432,2671,6660.200000000002,71.38,21.6
1,1452038.02,2021-08,2021Q3,East,4665.6,216,1322,3343.600000000001,71.66,21.6
1,1452038.02,2021-08,2021Q3,North,9331.2,432,2585,6746.200000000002,72.3,21.6
1,1452038.02,2021-11,2021Q4,South,9331.2,432,2579,6752.200000000002,72.36,21.6
1,1452038.02,2021-11,2021Q4,West,9331.2,432,2463,6868.200000000002,73.6,21.6
1,1452038.02,2021-12,2021Q4,South,9331.2,432,3143,6188.200000000002,66.32,21.6
1,1452038.02,2022-01,2022Q1,South,9331.2,432,3211,6120.200000000002,65.59,21.6
1,1452038.02,2022-01,2022Q1,West,18662.4,864,5278,13384.4,71.72,21.6
1,1452038.02,2022-03,2022Q1,South,2332.8,108,486,1846.8,79.17,21.6
1,1452038.02,2022-03,2022Q1,West,6998.400000000001,324,1904,5094.4000000000015,72.79,21.6
1,1452038.02,2022-04,2022Q2,West,2332.8,108,591,1741.8000000000004,74.67,21.6
1,1452038.02,2022-05,2022Q2,North,27993.600000000002,1296,8516,19477.600000000006,69.58,21.6
1,1452038.02,2022-06,2022Q2,South,9331.2,432,2962,6369.200000000002,68.26,21.6
1,1452405.02,2021-01,2021Q1,East,3168.0,80,659,2509.0,79.2,39.6
1,1452405.02,2021-01,2021Q1,North,3168.0,80,888,2280.0,71.97,39.6
1,1452405.02,2021-01,2021Q1,South,1584.0,40,526,1058.0,66.79,39.6
1,1452405.02,2021-01,2021Q1,West,1584.0,40,343,1241.0,78.35,39.6
1,1452405.02,2021-02,2021Q1,East,7920.0,200,1865,6055.0,76.45,39.6
1,1452405.02,2021-02,2021Q1,North,4752.0,120,1345,3407.0,71.7,39.6
1,1452405.02,2021-02,2021Q1,South,4752.0,120,1303,3449.0,72.58,39.6
1,1452405.02,2021-03,2021Q1,East,4752.0,120,1410,3342.0,70.33,39.6
1,1452405.02,2021-03,2021Q1,North,3168.0,80,825,2343.0,73.96,39.6
1,1452405.02,2021-04,2021Q2,East,3168.0,80,1020,2148.0,67.8,39.6
1,1452405.02,2021-04,2021Q2,South,3168.0,80,923,2245.0,70.86,39.6
1,1452405.02,2021-04,2021Q2,West,3168.0,80,842,2326.0,73.42,39.6
1,1452405.02,2021-05,2021Q2,South,4752.0,120,1223,3529.0,74.26,39.6
1,1452405.02,2021-05,2021Q2,West,1584.0,40,370,1214.0,76.64,39.6
1,1452405.02,2021-06,2021Q2,South,11088.0,280,3002,8086.0,72.93,39.6
1,1452405.02,2021-06,2021Q2,West,6336.0,160,1308,5028.0,79.36,39.6
1,1452405.02,2021-07,2021Q3,East,7920.0,200,1776,6144.0,77.58,39.6
1,1452405.02,2021-07,2021Q3,North,7920.0,200,2579,5341.0,67.44,39.6
1,1452405.02,2021-08,2021Q3,South,7920.0,200,1914,6006.0,75.83,39.6
1,1452405.02,2021-08,2021Q3,West,3168.0,80,741,2427.0,76.61,39.6
1,1452405.02,2021-10,2021Q4,North,1584.0,40,450,1134.0,71.59,39.6
1,1452405.02,2021-10,2021Q4,West,3168.0,80,698,2470.0,77.97,39.6
1,1452405.02,2021-11,2021Q4,North,12672.0,320,3798,8874.0,70.03,39.6
1,1452405.02,2021-12,2021Q4,East,6336.0,160,1352,4984.0,78.66,39.6
1,1452405.02,2021-12,2021Q4,South,3168.0,80,918,2250.0,71.02,39.6
1,1452405.02,2021-12,2021Q4,West,3168.0,80,878,2290.0,72.29,39.6
1,1452405.02,2022-01,2022Q1,East,9504.0,240,2948,6556.0,68.98,39.6
1,1452405.02,2022-01,2022Q1,South,15840.0,400,3314,12526.0,79.08,39.6
1,1452405.02,2022-01,2022Q1,West,3168.0,80,1040,2128.0,67.17,39.6
1,1452405.02,2022-02,2022Q1,North,9504.0,240,2737,6767.0,71.2,39.6
1,1452405.02,2022-03,2022Q1,East,4752.0,120,1097,3655.0,76.91,39.6
1,1452405.02,2022-03,2022Q1,North,11088.0,280,3265,7823.0,70.55,39.6
1,1452405.02,2022-03,2022Q1,West,3168.0,80,960,2208.0,69.7,39.6
1,1452405.02,2022-04,2022Q2,South,4752.0,120,1437,3315.0,69.76,39.6
1,1452405.02,2022-04,2022Q2,West,4752.0,120,1460,3292.0,69.28,39.6
1,1452405.02,2022-05,2022Q2,West,1584.0,40,553,1031.0,65.09,39.6
1,1452405.02,2022-06,2022Q2,South,3168.0,80,1037,2131.0,67.27,39.6
1,1452418.02,2021-01,2021Q1,East,2376.0,24,705,1671.0,70.33,99.0
1,1452418.02,2021-01,2021Q1,South,4752.0,48,1161,3591.0,75.57,99.0
1,1452418.02,2021-02,2021Q1,East,3960.0,40,1327,2633.0,66.49,99.0
1,1452418.02,2021-02,2021Q1,North,10296.0,104,2510,7786.0,75.62,99.0
1,1452418.02,2021-02,2021Q1,West,4752.0,48,1488,3264.0,68.69,99.0
1,1452418.02,2021-03,2021Q1,North,9504.0,96,2585,6919.0,72.8,99.0
1,1452418.02,2021-03,2021Q1,South,4752.0,48,1434,3318.0,69.82,99.0
1,1452418.02,2021-04,2021Q2,East,4752.0,48,1125,3627.0,76.33,99.0
1,1452418.02,2021-04,2021Q2,West,4752.0,48,1307,3445.0,72.5,99.0
1,1452418.02,2021-05,2021Q2,South,4752.0,48,1645,3107.0,65.38,99.0
1,1452418.02,2021-06,2021Q2,North,14256.0,144,4752,9504.0,66.67,99.0
1,1452418.02,2021-07,2021Q3,East,2376.0,24,532,1844.0,77.61,99.0
1,1452418.02,2021-07,2021Q3,North,7128.0,72,1947,5181.0,72.69,99.0
1,1452418.02,2021-07,2021Q3,West,4752.0,48,1468,3284.0,69.11,99.0
1,1452418.02,2021-08,2021Q3,East,2376.0,24,822,1554.0,65.4,99.0
1,1452418.02,2021-08,2021Q3,North,4752.0,48,1374,3378.0,71.09,99.0
1,1452418.02,2021-09,2021Q3,South,2376.0,24,533,1843.0,77.57,99.0
1,1452418.02,2021-11,2021Q4,East,2376.0,24,517,1859.0,78.24,99.0
1,1452418.02,2021-12,2021Q4,East,4752.0,48,1348,3404.0,71.63,99.0
1,1452418.02,2021-12,2021Q4,South,2376.0,24,564,1812.0,76.26,99.0
1,1452418.02,2021-12,2021Q4,West,4752.0,48,1574,3178.0,66.88,99.0
1,1452418.02,2022-01,2022Q1,West,14256.0,144,4331,9925.0,69.62,99.0
1,1452418.02,2022-02,2022Q1,East,7128.0,72,2365,4763.0,66.82,99.0
1,1452418.02,2022-03,2022Q1,South,7128.0,72,2205,4923.0,69.07,99.0
1,1452418.02,2022-03,2022Q1,West,2376.0,24,607,1769.0,74.45,99.0
1,1452418.02,2022-04,2022Q2,West,4752.0,48,1306,3446.0,72.52,99.0
1,1452418.02,2022-07,2022Q3,East,2376.0,24,643,1733.0,72.94,99.0
1,1452543.02,2021-07,2021Q3,West,13260.0,260,2667,10593.0,79.89,51.0
1,1452543.02,2021-08,2021Q3,East,9180.0,180,2981,6199.0,67.53,51.0
1,1452543.02,2021-08,2021Q3,North,6120.0,120,1875,4245.0,69.36,51.0
1,1452543.02,2021-08,2021Q3,South,3060.0,60,714,2346.0,76.67,51.0
1,1452543.02,2021-09,2021Q3,North,6120.0,120,1953,4167.0,68.09,51.0
1,1452543.02,2021-09,2021Q3,South,1530.0,30,482,1048.0,68.5,51.0
1,1452543.02,2021-09,2021Q3,West,1530.0,30,462,1068.0,69.8,51.0
1,1452543.02,2021-10,2021Q4,West,3060.0,60,712,2348.0,76.73,51.0
1,1452703.02,2021-01,2021Q1,North,7128.0,120,2086,5042.0,70.74,59.4
1,1452703.02,2021-01,2021Q1,South,3564.0,60,746,2818.0,79.07,59.4
1,1452703.02,2021-01,2021Q1,West,10692.0,180,2730,7962.0,74.47,59.4
1,1452703.02,2021-02,2021Q1,East,3564.0,60,1024,2540.0,71.27,59.4
1,1452703.02,2021-02,2021Q1,North,3564.0,60,1200,2364.0,66.33,59.4
1,1452703.02,2021-02,2021Q1,South,3564.0,60,768,2796.0,78.45,59.4
1,1452703.02,2021-02,2021Q1,West,3564.0,60,983,2581.0,72.42,59.4
1,1452703.02,2021-04,2021Q2,North,3564.0,60,719,2845.0,79.83,59.4
1,1452703.02,2021-04,2021Q2,South,3564.0,60,1043,2521.0,70.74,59.4
1,1452703.02,2021-04,2021Q2,West,3564.0,60,728,2836.0,79.57,59.4
1,1452703.02,2021-05,2021Q2,North,1782.0,30,398,1384.0,77.67,59.4
1,1452703.02,2021-05,2021Q2,South,7128.0,120,1514,5614.0,78.76,59.4
1,1452703.02,2021-05,2021Q2,West,3564.0,60,923,2641.0,74.1,59.4
1,1452703.02,2021-06,2021Q2,South,7128.0,120,1956,5172.0,72.56,59.4
1,1452703.02,2021-06,2021Q2,West,3564.0,60,736,2828.0,79.35,59.4
1,1452703.02,2021-07,2021Q3,East,3564.0,60,832,2732.0,76.66,59.4
1,1452703.02,2021-07,2021Q3,South,7128.0,120,2432,4696.0,65.88,59.4
1,1452703.02,2021-08,2021Q3,East,3564.0,60,974,2590.0,72.67,59.4
1,1452703.02,2021-08,2021Q3,North,10692.0,180,2840,7852.0,73.44,59.4
1,1452703.02,2021-08,2021Q3,West,3564.0,60,851,2713.0,76.12,59.4
1,1452703.02,2021-09,2021Q3,North,7128.0,120,2065,5063.0,71.03,59.4
1,1452703.02,2021-09,2021Q3,South,3564.0,60,964,2600.0,72.95,59.4
1,1452703.02,2021-10,2021Q4,South,7128.0,120,1971,5157.0,72.35,59.4
1,1452703.02,2021-10,2021Q4,West,7128.0,120,1605,5523.0,77.48,59.4
1,1452703.02,2021-11,2021Q4,North,3564.0,60,779,2785.0,78.14,59.4
1,1452703.02,2021-11,2021Q4,West,3564.0,60,1181,2383.0,66.86,59.4
1,1452703.02,2021-12,2021Q4,North,3564.0,60,979,2585.0,72.53,59.4
1,1452703.02,2021-12,2021Q4,West,1782.0,30,405,1377.0,77.27,59.4
1,1452703.02,2022-01,2022Q1,North,5346.0,90,1241,4105.0,76.79,59.4
1,1452703.02,2022-01,2022Q1,South,10692.0,180,3278,7414.0,69.34,59.4
1,1452703.02,2022-01,2022Q1,West,3564.0,60,986,2578.0,72.33,59.4
1,1452703.02,2022-02,2022Q1,South,5346.0,90,1547,3799.0,71.06,59.4
1,1452703.02,2022-03,2022Q1,East,3564.0,60,1061,2503.0,70.23,59.4
1,1452703.02,2022-03,2022Q1,North,3564.0,60,1094,2470.0,69.3,59.4
1,1452703.02,2022-03,2022Q1,West,1782.0,30,439,1343.0,75.36,59.4
1,1452703.02,2022-04,2022Q2,South,1782.0,30,601,1181.0,66.27,59.4
1,1452703.02,2022-04,2022Q2,West,5346.0,90,1491,3855.0,72.11,59.4
1,1452703.02,2022-06,2022Q2,North,1782.0,30,608,1174.0,65.88,59.4
1,1452703.02,2022-07,2022Q3,West,3564.0,60,968,2596.0,72.84,59.4
1,1452730.02,2021-01,2021Q1,East,8910.0,60,2491,6419.0,72.04,148.5
1,1452730.02,2021-01,2021Q1,North,2970.0,20,809,2161.0,72.76,148.5
1,1452730.02,2021-01,2021Q1,South,5940.0,40,1687,4253.0,71.6,148.5
1,1452730.02,2021-02,2021Q1,East,5940.0,40,1542,4398.0,74.04,148.5
1,1452730.02,2021-02,2021Q1,West,8910.0,60,1831,7079.0,79.45,148.5
1,1452730.02,2021-04,2021Q2,East,5940.0,40,1580,4360.0,73.4,148.5
1,1452730.02,2021-04,2021Q2,North,8910.0,60,2804,6106.0,68.53,148.5
1,1452730.02,2021-05,2021Q2,East,8910.0,60,1843,7067.0,79.32,148.5
1,1452730.02,2021-05,2021Q2,North,5940.0,40,2033,3907.0,65.77,148.5
1,1452730.02,2021-07,2021Q3,East,2970.0,20,641,2329.0,78.42,148.5
1,1452730.02,2021-07,2021Q3,South,2970.0,20,784,2186.0,73.6,148.5
1,1452730.02,2021-07,2021Q3,West,2970.0,20,729,2241.0,75.45,148.5
1,1452730.02,2021-08,2021Q3,East,8910.0,60,1956,6954.0,78.05,148.5
1,1452730.02,2021-08,2021Q3,North,2970.0,20,972,1998.0,67.27,148.5
1,1452730.02,2021-08,2021Q3,South,5940.0,40,1902,4038.0,67.98,148.5
1,1452730.02,2021-09,2021Q3,East,2970.0,20,929,2041.0,68.72,148.5
1,1452730.02,2021-09,2021Q3,South,2970.0,20,996,1974.0,66.46,148.5
1,1452730.02,2021-09,2021Q3,West,2970.0,20,599,2371.0,79.83,148.5
1,1452730.02,2021-10,2021Q4,North,11880.0,80,2492,9388.0,79.02,148.5
1,1452730.02,2021-11,2021Q4,North,2970.0,20,898,2072.0,69.76,148.5
1,1452730.02,2021-11,2021Q4,South,2970.0,20,767,2203.0,74.18,148.5
1,1452730.02,2021-11,2021Q4,West,2970.0,20,662,2308.0,77.71,148.5
1,1452730.02,2021-12,2021Q4,West,5940.0,40,1616,4324.0,72.79,148.5
1,1452730.02,2022-01,2022Q1,East,2970.0,20,732,2238.0,75.35,148.5
1,1452730.02,2022-01,2022Q1,North,2970.0,20,608,2362.0,79.53,148.5
1,1452730.02,2022-01,2022Q1,West,17820.0,120,4215,13605.0,76.35,148.5
1,1452730.02,2022-02,2022Q1,North,8910.0,60,3117,5793.0,65.02,148.5
1,1452730.02,2022-03,2022Q1,North,8910.0,60,2594,6316.0,70.89,148.5
1,1452730.02,2022-03,2022Q1,West,5940.0,40,1574,4366.0,73.5,148.5
1,1452730.02,2022-04,2022Q2,South,8910.0,60,1789,7121.0,79.92,148.5
1,1452730.02,2022-05,2022Q2,North,5940.0,40,2056,3884.0,65.39,148.5
1,1452730.02,2022-05,2022Q2,West,2970.0,20,597,2373.0,79.9,148.5
1,1452730.02,2022-06,2022Q2,North,5940.0,40,1956,3984.0,67.07,148.5
1,1452730.02,2022-06,2022Q2,West,5940.0,40,1918,4022.0,67.71,148.5
1,1452928.02,2021-01,2021Q1,East,15840.0,200,4901,10939.0,69.06,79.2
1,1452928.02,2021-01,2021Q1,South,31680.0,400,8836,22844.0,72.11,79.2
1,1452928.02,2021-02,2021Q1,North,31680.0,400,7320,24360.0,76.89,79.2
1,1452928.02,2021-02,2021Q1,South,63360.0,800,18279,45081.0,71.15,79.2
1,1452928.02,2021-03,2021Q1,East,7920.0,100,2104,5816.0,73.43,79.2
1,1452928.02,2021-03,2021Q1,West,23760.0,300,5183,18577.0,78.19,79.2
1,1452928.02,2021-04,2021Q2,East,41184.0,520,12397,28787.0,69.9,79.2
1,1452928.02,2021-04,2021Q2,South,9504.0,120,3108,6396.0,67.3,79.2
1,1452928.02,2021-04,2021Q2,West,9504.0,120,2647,6857.0,72.15,79.2
1,1452928.02,2021-05,2021Q2,East,11088.0,140,2441,8647.0,77.99,79.2
1,1452928.02,2021-05,2021Q2,South,9504.0,120,3210,6294.0,66.22,79.2
1,1452928.02,2021-05,2021Q2,West,11088.0,140,3040,8048.0,72.58,79.2
1,1452928.02,2021-06,2021Q2,North,19008.0,240,5820,13188.0,69.38,79.2
1,1452928.02,2021-06,2021Q2,South,19008.0,240,4748,14260.0,75.02,79.2
1,1452928.02,2021-06,2021Q2,West,19008.0,240,5067,13941.0,73.34,79.2
1,1452928.02,2021-07,2021Q3,East,38016.0,480,8402,29614.0,77.9,79.2
1,1452928.02,2021-07,2021Q3,South,15840.0,200,5440,10400.0,65.66,79.2
1,1452928.02,2021-08,2021Q3,East,15840.0,200,4642,11198.0,70.69,79.2
1,1452928.02,2021-08,2021Q3,North,7920.0,100,2525,5395.0,68.12,79.2
1,1452928.02,2021-08,2021Q3,West,7920.0,100,2185,5735.0,72.41,79.2
1,1452928.02,2021-09,2021Q3,North,15840.0,200,5345,10495.0,66.26,79.2
1,1452928.02,2021-09,2021Q3,South,7920.0,100,1710,6210.0,78.41,79.2
1,1452928.02,2021-10,2021Q4,East,11088.0,140,2954,8134.0,73.36,79.2
1,1452928.02,2021-10,2021Q4,West,7920.0,100,1851,6069.0,76.63,79.2
1,1452928.02,2021-11,2021Q4,North,12672.0,160,3204,9468.0,74.72,79.2
1,1452928.02,2021-11,2021Q4,South,47520.0,600,13040,34480.0,72.56,79.2
1,1452928.02,2021-12,2021Q4,North,31680.0,400,9233,22447.0,70.86,79.2
1,1452928.02,2022-01,2022Q1,East,55440.0,700,15337,40103.0,72.34,79.2
1,1452928.02,2022-01,2022Q1,North,39600.0,500,8174,31426.0,79.36,79.2
1,1452928.02,2022-01,2022Q1,South,31680.0,400,9779,21901.0,69.13,79.2
1,1452928.02,2022-02,2022Q1,North,28512.0,360,6084,22428.0,78.66,79.2
1,1452928.02,2022-03,2022Q1,North,28512.0,360,6796,21716.0,76.16,79.2
1,1452928.02,2022-04,2022Q2,East,6336.0,80,1829,4507.0,71.13,79.2
1,1452928.02,2022-05,2022Q2,South,1584.0,20,427,1157.0,73.04,79.2
1,1452928.02,2022-06,2022Q2,East,38016.0,480,10702,27314.0,71.85,79.2
1,1452928.02,2022-06,2022Q2,South,31680.0,400,8390,23290.0,73.52,79.2
1,1452928.02,2022-06,2022Q2,West,15840.0,200,4639,11201.0,70.71,79.2
1,1452943.02,2021-01,2021Q1,East,9504.0,48,2000,7504.0,78.96,198.0
1,1452943.02,2021-01,2021Q1,North,19008.0,96,5221,13787.0,72.53,198.0
1,1452943.02,2021-01,2021Q1,West,9504.0,48,3029,6475.0,68.13,198.0
1,1452943.02,2021-02,2021Q1,East,19008.0,96,5654,13354.0,70.25,198.0
1,1452943.02,2021-02,2021Q1,North,9504.0,48,3219,6285.0,66.13,198.0
1,1452943.02,2021-02,2021Q1,South,9504.0,48,2623,6881.0,72.4,198.0
1,1452943.02,2021-03,2021Q1,East,31680.0,160,6971,24709.0,78.0,198.0
1,1452943.02,2021-03,2021Q1,North,19008.0,96,4770,14238.0,74.91,198.0
1,1452943.02,2021-04,2021Q2,East,9504.0,48,2739,6765.0,71.18,198.0
1,1452943.02,2021-04,2021Q2,North,9504.0,48,1903,7601.0,79.98,198.0
1,1452943.02,2021-05,2021Q2,West,9504.0,48,2417,7087.0,74.57,198.0
1,1452943.02,2021-06,2021Q2,East,38016.0,192,10232,27784.0,73.09,198.0
1,1452943.02,2021-07,2021Q3,East,19008.0,96,5223,13785.0,72.52,198.0
1,1452943.02,2021-07,2021Q3,North,12672.0,64,2537,10135.0,79.98,198.0
1,1452943.02,2021-07,2021Q3,West,19008.0,96,5664,13344.0,70.2,198.0
1,1452943.02,2021-08,2021Q3,East,9504.0,48,2836,6668.0,70.16,198.0
1,1452943.02,2021-08,2021Q3,South,41184.0,208,10479,30705.0,74.56,198.0
1,1452943.02,2021-09,2021Q3,East,19008.0,96,5749,13259.0,69.75,198.0
1,1452943.02,2021-09,2021Q3,West,9504.0,48,1940,7564.0,79.59,198.0
1,1452943.02,2021-10,2021Q4,West,9504.0,48,2881,6623.0,69.69,198.0
1,1452943.02,2021-11,2021Q4,East,25344.0,128,8114,17230.0,67.98,198.0
1,1452943.02,2021-11,2021Q4,West,34848.0,176,7682,27166.0,77.96,198.0
1,1452943.02,2021-12,2021Q4,East,9504.0,48,2054,7450.0,78.39,198.0
1,1452943.02,2021-12,2021Q4,South,9504.0,48,2081,7423.0,78.1,198.0
1,1452943.02,2022-01,2022Q1,East,44352.0,224,10828,33524.0,75.59,198.0
1,1452943.02,2022-01,2022Q1,West,31680.0,160,7768,23912.0,75.48,198.0
1,1452943.02,2022-02,2022Q1,East,28512.0,144,6863,21649.0,75.93,198.0
1,1452943.02,2022-03,2022Q1,North,12672.0,64,3307,9365.0,73.9,198.0
1,1452943.02,2022-03,2022Q1,West,38016.0,192,11853,26163.0,68.82,198.0
1,1452943.02,2022-04,2022Q2,South,9504.0,48,2298,7206.0,75.82,198.0
1,1452943.02,2022-04,2022Q2,West,9504.0,48,2037,7467.0,78.57,198.0
1,1453057,2021-01,2021Q1,North,13215.0,15000,2799,10416.0,78.82,0.881
1,1453057,2021-01,2021Q1,West,9250.5,10500,2996,6254.5,67.61,0.881
1,1453057,2021-03,2021Q1,South,13215.0,15000,3936,9279.0,70.22,0.881
1,1453057,2021-04,2021Q2,West,13215.0,15000,3215,10000.0,75.67,0.881
1,1453057,2021-05,2021Q2,East,13215.0,15000,3168,10047.0,76.03,0.881
1,1453057,2021-07,2021Q3,East,13215.0,15000,2687,10528.0,79.67,0.881
1,1453057,2021-08,2021Q3,West,13215.0,15000,3642,9573.0,72.44,0.881
1,1453057,2021-09,2021Q3,South,13215.0,15000,3446,9769.0,73.92,0.881
1,1453057,2021-11,2021Q4,East,13215.0,15000,3495,9720.0,73.55,0.881
1,1453057,2021-12,2021Q4,North,13215.0,15000,3895,9320.0,70.53,0.881
1,1453057,2022-01,2022Q1,East,13215.0,15000,3583,9632.0,72.89,0.881
1,1453057,2022-03,2022Q1,South,13215.0,15000,3498,9717.0,73.53,0.881
1,1453057,2022-03,2022Q1,West,13215.0,15000,4217,8998.0,68.09,0.881
1,1453057,2022-05,2022Q2,East,11893.5,13500,2526,9367.5,78.76,0.881
1,1453057,2022-06,2022Q2,North,13215.0,15000,4218,8997.0,68.08,0.881
1,1453150.02,2021-01,2021Q1,East,5346.0,60,1103,4243.0,79.37,89.1
1,1453150.02,2021-01,2021Q1,North,10692.0,120,2522,8170.0,76.41,89.1
1,1453150.02,2021-01,2021Q1,South,5346.0,60,1509,3837.0,71.77,89.1
1,1453150.02,2021-02,2021Q1,East,10692.0,120,3359,7333.0,68.58,89.1
1,1453150.02,2021-02,2021Q1,South,10692.0,120,3027,7665.0,71.69,89.1
1,1453150.02,2021-03,2021Q1,East,7128.0,80,2222,4906.0,68.83,89.1
1,1453150.02,2021-03,2021Q1,South,14256.0,160,4011,10245.0,71.86,89.1
1,1453150.02,2021-03,2021Q1,West,5346.0,60,1073,4273.0,79.93,89.1
1,1453150.02,2021-04,2021Q2,East,5346.0,60,1662,3684.0,68.91,89.1
1,1453150.02,2021-04,2021Q2,North,5346.0,60,1105,4241.0,79.33,89.1
1,1453150.02,2021-04,2021Q2,South,5346.0,60,1163,4183.0,78.25,89.1
1,1453150.02,2021-04,2021Q2,West,10692.0,120,3492,7200.0,67.34,89.1
1,1453150.02,2021-05,2021Q2,West,10692.0,120,2984,7708.0,72.09,89.1
1,1453150.02,2021-06,2021Q2,East,15147.0,170,3933,11214.0,74.03,89.1
1,1453150.02,2021-06,2021Q2,South,12474.0,140,4265,8209.0,65.81,89.1
1,1453150.02,2021-07,2021Q3,North,14256.0,160,3887,10369.0,72.73,89.1
1,1453150.02,2021-07,2021Q3,South,14256.0,160,4001,10255.0,71.93,89.1
1,1453150.02,2021-08,2021Q3,East,7128.0,80,1579,5549.0,77.85,89.1
1,1453150.02,2021-08,2021Q3,South,12474.0,140,3560,8914.0,71.46,89.1
1,1453150.02,2021-08,2021Q3,West,7128.0,80,1547,5581.0,78.3,89.1
1,1453150.02,2021-09,2021Q3,East,5346.0,60,1363,3983.0,74.5,89.1
1,1453150.02,2021-09,2021Q3,South,7128.0,80,1683,5445.0,76.39,89.1
1,1453150.02,2021-10,2021Q4,North,17820.0,200,4234,13586.0,76.24,89.1
1,1453150.02,2021-11,2021Q4,East,16038.0,180,5185,10853.0,67.67,89.1
1,1453150.02,2021-11,2021Q4,North,16038.0,180,5205,10833.0,67.55,89.1
1,1453150.02,2021-11,2021Q4,South,10692.0,120,2253,8439.0,78.93,89.1
1,1453150.02,2021-11,2021Q4,West,7128.0,80,2015,5113.0,71.73,89.1
1,1453150.02,2021-12,2021Q4,North,8910.0,100,1967,6943.0,77.92,89.1
1,1453150.02,2021-12,2021Q4,South,8910.0,100,2634,6276.0,70.44,89.1
1,1453150.02,2021-12,2021Q4,West,17820.0,200,3968,13852.0,77.73,89.1
1,1453150.02,2022-01,2022Q1,East,35640.0,400,9129,26511.0,74.39,89.1
1,1453150.02,2022-01,2022Q1,North,12474.0,140,3597,8877.0,71.16,89.1
1,1453150.02,2022-01,2022Q1,West,58806.0,660,20199,38607.0,65.65,89.1
1,1453150.02,2022-02,2022Q1,North,17820.0,200,5163,12657.0,71.03,89.1
1,1453150.02,2022-03,2022Q1,South,8910.0,100,2991,5919.0,66.43,89.1
1,1453150.02,2022-04,2022Q2,West,17820.0,200,6149,11671.0,65.49,89.1
1,1453150.02,2022-05,2022Q2,East,32076.0,360,8498,23578.0,73.51,89.1
1,1453150.02,2022-05,2022Q2,West,46332.0,520,10517,35815.0,77.3,89.1
1,1453150.02,2022-06,2022Q2,South,64152.0,720,18435,45717.0,71.26,89.1
1,1453150.02,2022-06,2022Q2,West,74844.0,840,21165,53679.0,71.72,89.1
1,1453220.02,2021-01,2021Q1,East,5940.0,60,1539,4401.0,74.09,99.0
1,1453220.02,2021-01,2021Q1,West,5940.0,60,1299,4641.0,78.13,99.0
1,1453220.02,2021-02,2021Q1,South,3960.0,40,868,3092.0,78.08,99.0
1,1453220.02,2021-02,2021Q1,West,3960.0,40,954,3006.0,75.91,99.0
1,1453220.02,2021-03,2021Q1,West,3960.0,40,958,3002.0,75.81,99.0
1,1453220.02,2021-04,2021Q2,East,13860.0,140,2855,11005.0,79.4,99.0
1,1453220.02,2021-04,2021Q2,West,7920.0,80,2517,5403.0,68.22,99.0
1,1453220.02,2021-05,2021Q2,East,5940.0,60,1520,4420.0,74.41,99.0
1,1453220.02,2021-05,2021Q2,North,39600.0,400,9868,29732.0,75.08,99.0
1,1453220.02,2021-08,2021Q3,East,1980.0,20,595,1385.0,69.95,99.0
1,1453220.02,2021-08,2021Q3,West,1980.0,20,436,1544.0,77.98,99.0
1,1453220.02,2021-09,2021Q3,East,1980.0,20,536,1444.0,72.93,99.0
1,1453220.02,2021-09,2021Q3,South,11880.0,120,3346,8534.0,71.84,99.0
1,1453220.02,2021-09,2021Q3,West,5940.0,60,1742,4198.0,70.67,99.0
1,1453220.02,2021-10,2021Q4,East,23760.0,240,6421,17339.0,72.98,99.0
1,1453220.02,2021-10,2021Q4,South,15840.0,160,4774,11066.0,69.86,99.0
1,1453220.02,2021-11,2021Q4,East,3960.0,40,1116,2844.0,71.82,99.0
1,1453220.02,2021-11,2021Q4,North,3960.0,40,1239,2721.0,68.71,99.0
1,1453220.02,2021-11,2021Q4,West,1980.0,20,689,1291.0,65.2,99.0
1,1453220.02,2021-12,2021Q4,East,15840.0,160,5151,10689.0,67.48,99.0
1,1453220.02,2021-12,2021Q4,South,3960.0,40,1222,2738.0,69.14,99.0
1,1453220.02,2021-12,2021Q4,West,5940.0,60,1724,4216.0,70.98,99.0
1,1453220.02,2022-01,2022Q1,North,9900.0,100,2835,7065.0,71.36,99.0
1,1453220.02,2022-01,2022Q1,West,15840.0,160,3780,12060.0,76.14,99.0
1,1453220.02,2022-03,2022Q1,North,1980.0,20,566,1414.0,71.41,99.0
1,1453220.02,2022-03,2022Q1,South,1980.0,20,599,1381.0,69.75,99.0
1,1453220.02,2022-03,2022Q1,West,3960.0,40,945,3015.0,76.14,99.0
1,1453220.02,2022-04,2022Q2,West,5940.0,60,1929,4011.0,67.53,99.0
1,1453220.02,2022-05,2022Q2,North,1980.0,20,652,1328.0,67.07,99.0
1,1453252.02,2021-01,2021Q1,South,3960.0,16,1003,2957.0,74.67,247.5
1,1453252.02,2021-03,2021Q1,West,3960.0,16,1118,2842.0,71.77,247.5
1,1453252.02,2021-04,2021Q2,East,7920.0,32,2441,5479.0,69.18,247.5
1,1453252.02,2021-05,2021Q2,West,19800.0,80,4661,15139.0,76.46,247.5
1,1453252.02,2021-06,2021Q2,West,3960.0,16,1276,2684.0,67.78,247.5
1,1453252.02,2021-07,2021Q3,South,7920.0,32,2147,5773.0,72.89,247.5
1,1453252.02,2021-07,2021Q3,West,7672.5,31,2069,5603.5,73.03,247.5
1,1453252.02,2021-08,2021Q3,South,7920.0,32,1842,6078.0,76.74,247.5
1,1453252.02,2021-08,2021Q3,West,19800.0,80,4659,15141.0,76.47,247.5
1,1453252.02,2021-09,2021Q3,East,7920.0,32,2355,5565.0,70.27,247.5
1,1453252.02,2021-09,2021Q3,South,15840.0,64,4627,11213.0,70.79,247.5
1,1453252.02,2022-02,2022Q1,South,3960.0,16,963,2997.0,75.68,247.5
1,1453252.02,2022-03,2022Q1,East,3960.0,16,973,2987.0,75.43,247.5
1,1453252.02,2022-03,2022Q1,South,7920.0,32,2128,5792.0,73.13,247.5
1,1453252.02,2022-04,2022Q2,East,7920.0,32,2174,5746.0,72.55,247.5
1,1453252.02,2022-05,2022Q2,West,7920.0,32,2060,5860.0,73.99,247.5
1,1453252.02,2022-06,2022Q2,North,7920.0,32,2473,5447.0,68.78,247.5
1,1453252.02,2022-06,2022Q2,South,7920.0,32,2103,5817.0,73.45,247.5
1,1453252.02,2022-06,2022Q2,West,7920.0,32,2026,5894.0,74.42,247.5
1,1453252.02,2022-07,2022Q3,South,7920.0,32,2215,5705.0,72.03,247.5
1,1455412.02,2021-01,2021Q1,South,1644.0,40,372,1272.0,77.37,41.1
1,1455412.02,2021-01,2021Q1,West,1644.0,40,352,1292.0,78.59,41.1
1,1455412.02,2021-02,2021Q1,South,3288.0,80,784,2504.0,76.16,41.1
1,1455412.02,2021-02,2021Q1,West,4932.0,120,1483,3449.0,69.93,41.1
1,1455412.02,2021-03,2021Q1,East,1644.0,40,566,1078.0,65.57,41.1
1,1455412.02,2021-03,2021Q1,South,1644.0,40,458,1186.0,72.14,41.1
1,1455412.02,2021-04,2021Q2,North,1644.0,40,387,1257.0,76.46,41.1
1,1455412.02,2021-06,2021Q2,South,3288.0,80,843,2445.0,74.36,41.1
1,1455412.02,2021-06,2021Q2,West,4932.0,120,1201,3731.0,75.65,41.1
1,1455412.02,2021-07,2021Q3,South,1644.0,40,461,1183.0,71.96,41.1
1,1455412.02,2021-07,2021Q3,West,1644.0,40,519,1125.0,68.43,41.1
1,1455412.02,2021-08,2021Q3,West,6576.0,160,2101,4475.0,68.05,41.1
1,1455412.02,2021-09,2021Q3,North,1644.0,40,560,1084.0,65.94,41.1
1,1455412.02,2021-09,2021Q3,West,1644.0,40,368,1276.0,77.62,41.1
1,1455412.02,2021-11,2021Q4,North,1644.0,40,449,1195.0,72.69,41.1
1,1455412.02,2021-12,2021Q4,South,3288.0,80,687,2601.0,79.11,41.1
1,1455412.02,2022-01,2022Q1,South,9864.0,240,2584,7280.0,73.8,41.1
1,1455412.02,2022-03,2022Q1,North,1644.0,40,500,1144.0,69.59,41.1
1,1455412.02,2022-03,2022Q1,South,1644.0,40,409,1235.0,75.12,41.1
1,1455412.02,2022-03,2022Q1,West,4932.0,120,1148,3784.0,76.72,41.1
1,1455412.02,2022-04,2022Q2,West,1644.0,40,571,1073.0,65.27,41.1
1,1455481.02,2021-01,2021Q1,East,1849.5,30,431,1418.5,76.7,61.65
1,1455481.02,2021-01,2021Q1,North,1849.5,30,463,1386.5,74.97,61.65
1,1455481.02,2021-01,2021Q1,South,1849.5,30,633,1216.5,65.77,61.65
1,1455481.02,2021-02,2021Q1,East,1849.5,30,482,1367.5,73.94,61.65
1,1455481.02,2021-02,2021Q1,North,1849.5,30,526,1323.5,71.56,61.65
1,1455481.02,2021-02,2021Q1,West,3699.0,60,916,2783.0,75.24,61.65
1,1455481.02,2021-03,2021Q1,East,3699.0,60,1045,2654.0,71.75,61.65
1,1455481.02,2021-03,2021Q1,North,1849.5,30,384,1465.5,79.24,61.65
1,1455481.02,2021-04,2021Q2,North,3699.0,60,1054,2645.0,71.51,61.65
1,1455481.02,2021-04,2021Q2,South,1849.5,30,414,1435.5,77.62,61.65
1,1455481.02,2021-05,2021Q2,North,3699.0,60,1215,2484.0,67.15,61.65
1,1455481.02,2021-06,2021Q2,South,7398.0,120,2551,4847.0,65.52,61.65
1,1455481.02,2021-06,2021Q2,West,7398.0,120,1602,5796.0,78.35,61.65
1,1455481.02,2021-07,2021Q3,East,3699.0,60,1036,2663.0,71.99,61.65
1,1455481.02,2021-07,2021Q3,North,1849.5,30,465,1384.5,74.86,61.65
1,1455481.02,2021-08,2021Q3,North,11097.0,180,3362,7735.0,69.7,61.65
1,1455481.02,2021-08,2021Q3,West,1849.5,30,553,1296.5,70.1,61.65
1,1455481.02,2021-09,2021Q3,East,5548.5,90,1499,4049.5,72.98,61.65
1,1455481.02,2021-10,2021Q4,North,5548.5,90,1263,4285.5,77.24,61.65
1,1455481.02,2021-10,2021Q4,South,3699.0,60,1244,2455.0,66.37,61.65
1,1455481.02,2021-11,2021Q4,South,1849.5,30,520,1329.5,71.88,61.65
1,1455481.02,2021-12,2021Q4,North,1849.5,30,479,1370.5,74.1,61.65
1,1455481.02,2021-12,2021Q4,West,3699.0,60,814,2885.0,77.99,61.65
1,1455481.02,2022-01,2022Q1,North,3699.0,60,799,2900.0,78.4,61.65
1,1455481.02,2022-01,2022Q1,West,9247.5,150,2691,6556.5,70.9,61.65
1,1455481.02,2022-03,2022Q1,East,12946.5,210,3787,9159.5,70.75,61.65
1,1455481.02,2022-03,2022Q1,North,3699.0,60,853,2846.0,76.94,61.65
1,1455481.02,2022-03,2022Q1,West,11097.0,180,3542,7555.0,68.08,61.65
1,1455481.02,2022-04,2022Q2,East,3699.0,60,843,2856.0,77.21,61.65
1,1455481.02,2022-07,2022Q3,East,3699.0,60,925,2774.0,74.99,61.65
1,1455548.02,2021-01,2021Q1,East,16440.0,200,3523,12917.0,78.57,82.2
1,1455548.02,2021-01,2021Q1,North,16440.0,200,4740,11700.0,71.17,82.2
1,1455548.02,2021-01,2021Q1,South,16440.0,200,4275,12165.0,74.0,82.2
1,1455548.02,2021-01,2021Q1,West,16440.0,200,3849,12591.0,76.59,82.2
1,1455548.02,2021-02,2021Q1,East,13152.0,160,2693,10459.0,79.52,82.2
1,1455548.02,2021-02,2021Q1,North,16440.0,200,4649,11791.0,71.72,82.2
1,1455548.02,2021-02,2021Q1,South,13152.0,160,3640,9512.0,72.32,82.2
1,1455548.02,2021-02,2021Q1,West,13152.0,160,4298,8854.0,67.32,82.2
1,1455548.02,2021-03,2021Q1,East,19728.0,240,4032,15696.0,79.56,82.2
1,1455548.02,2021-03,2021Q1,North,19728.0,240,3953,15775.0,79.96,82.2
1,1455548.02,2021-03,2021Q1,West,19728.0,240,5765,13963.0,70.78,82.2
1,1455548.02,2021-04,2021Q2,East,23016.0,280,7162,15854.0,68.88,82.2
1,1455548.02,2021-04,2021Q2,North,11508.0,140,3912,7596.0,66.01,82.2
1,1455548.02,2021-04,2021Q2,South,11508.0,140,2371,9137.0,79.4,82.2
1,1455548.02,2021-05,2021Q2,East,26304.0,320,8111,18193.0,69.16,82.2
1,1455548.02,2021-05,2021Q2,West,26304.0,320,7780,18524.0,70.42,82.2
1,1455548.02,2021-06,2021Q2,East,4932.0,60,1046,3886.0,78.79,82.2
1,1455548.02,2021-06,2021Q2,North,23016.0,280,7429,15587.0,67.72,82.2
1,1455548.02,2021-07,2021Q3,North,23016.0,280,7003,16013.0,69.57,82.2
1,1455548.02,2021-07,2021Q3,South,4932.0,60,1237,3695.0,74.92,82.2
1,1455548.02,2021-07,2021Q3,West,5836.2,71,1788,4048.2,69.36,82.2
1,1455548.02,2021-08,2021Q3,North,24660.0,300,6156,18504.0,75.04,82.2
1,1455548.02,2021-09,2021Q3,East,8220.0,100,2024,6196.0,75.38,82.2
1,1455548.02,2021-09,2021Q3,North,8220.0,100,2084,6136.0,74.65,82.2
1,1455548.02,2021-09,2021Q3,South,8220.0,100,2373,5847.0,71.13,82.2
1,1455548.02,2021-10,2021Q4,East,9864.0,120,2424,7440.0,75.43,82.2
1,1455548.02,2021-10,2021Q4,South,59184.0,720,14119,45065.0,76.14,82.2
1,1455548.02,2021-10,2021Q4,West,9864.0,120,2002,7862.0,79.7,82.2
1,1455548.02,2021-11,2021Q4,South,26304.0,320,5762,20542.0,78.09,82.2
1,1455548.02,2021-11,2021Q4,West,13152.0,160,3372,9780.0,74.36,82.2
1,1455548.02,2021-12,2021Q4,North,29592.0,360,9905,19687.0,66.53,82.2
1,1455548.02,2021-12,2021Q4,South,16440.0,200,5690,10750.0,65.39,82.2
1,1455548.02,2022-01,2022Q1,East,16440.0,200,3678,12762.0,77.63,82.2
1,1455548.02,2022-01,2022Q1,North,73980.0,900,19133,54847.0,74.14,82.2
1,1455548.02,2022-02,2022Q1,West,41100.0,500,11423,29677.0,72.21,82.2
1,1455548.02,2022-03,2022Q1,North,24660.0,300,6112,18548.0,75.21,82.2
1,1455548.02,2022-03,2022Q1,West,16440.0,200,3814,12626.0,76.8,82.2
1,1455548.02,2022-04,2022Q2,North,8220.0,100,2205,6015.0,73.18,82.2
1,1455548.02,2022-04,2022Q2,West,8220.0,100,2588,5632.0,68.52,82.2
1,1455679.02,2022-06,2022Q2,North,2055.0,20,670,1385.0,67.4,102.75
1,1490342,2021-01,2021Q1,East,2820.0,12,941,1879.0,66.63,235.0
2,1210081,2021-12,2021Q4,South,93.12,24,30,63.12000000000001,67.78,3.8800000000000003
2,1220768,2021-10,2021Q4,South,205.2,2,46,159.2,77.58,102.6
2,1220768,2022-05,2022Q2,South,109.08,1,23,86.08,78.91,109.08
2,1270140.6,2022-02,2022Q1,South,77.0,20,17,60.0,77.92,3.85
2,1270160.6,2021-01,2021Q1,South,67.44,12,21,46.44,68.86,5.62
2,1270160.6,2022-02,2022Q1,West,66.72,12,13,53.72,80.52,5.56
2,1270180.6,2021-04,2021Q2,East,88.2,12,19,69.2,78.46,7.3500000000000005
2,1270180.6,2021-05,2021Q2,South,88.2,12,24,64.2,72.79,7.3500000000000005
2,1270180.6,2021-07,2021Q3,North,87.24,12,23,64.24,73.64,7.27
2,1270180.6,2021-08,2021Q3,South,174.48,24,39,135.48,77.65,7.27
2,1270180.6,2021-08,2021Q3,West,87.24,12,20,67.24,77.07,7.27
2,1270180.6,2021-10,2021Q4,North,87.24,12,25,62.24,71.34,7.27
2,1270180.6,2022-06,2022Q2,North,87.24,12,21,66.24,75.93,7.27
2,1270180.6,2022-07,2022Q3,East,87.24,12,20,67.24,77.07,7.27
2,1270180.6,2022-07,2022Q3,West,87.24,12,30,57.24,65.61,7.27
2,1270200.6,2021-08,2021Q3,West,71.84,8,14,57.84,80.51,8.98
2,1270225.6,2021-01,2021Q1,South,90.0,8,29,61.0,67.78,11.25
2,1270225.6,2021-02,2021Q1,South,90.0,8,24,66.0,73.33,11.25
2,1270225.6,2021-03,2021Q1,South,90.0,8,25,65.0,72.22,11.25
2,1270225.6,2021-04,2021Q2,North,90.0,8,19,71.0,78.89,11.25
2,1270225.6,2021-05,2021Q2,North,90.0,8,21,69.0,76.67,11.25
2,1270225.6,2021-05,2021Q2,West,180.0,16,41,139.0,77.22,11.25
2,1270225.6,2021-06,2021Q2,East,178.95999999999998,16,53,125.96000000000001,70.38,11.184999999999999
2,1270225.6,2021-07,2021Q3,North,88.96,8,24,64.96,73.02,11.12
2,1270225.6,2021-08,2021Q3,East,88.96,8,27,61.96,69.65,11.12
2,1270225.6,2021-08,2021Q3,South,88.96,8,27,61.96,69.65,11.12
2,1270225.6,2021-08,2021Q3,West,88.96,8,29,59.96,67.4,11.12
2,1270225.6,2021-09,2021Q3,East,88.96,8,29,59.96,67.4,11.12
2,1270225.6,2021-09,2021Q3,West,88.96,8,23,65.96,74.15,11.12
2,1270225.6,2021-10,2021Q4,North,88.96,8,26,62.96,70.77,11.12
2,1270225.6,2021-10,2021Q4,West,88.96,8,20,68.96,77.52,11.12
2,1270225.6,2021-11,2021Q4,South,88.96,8,21,67.96,76.39,11.12
2,1270225.6,2021-11,2021Q4,West,88.96,8,28,60.96,68.53,11.12
2,1270225.6,2022-02,2022Q1,North,88.96,8,22,66.96,75.27,11.12
2,1270225.6,2022-03,2022Q1,South,88.96,8,18,70.96,79.77,11.12
2,1270225.6,2022-03,2022Q1,West,88.96,8,24,64.96,73.02,11.12
2,1270225.6,2022-04,2022Q2,South,88.96,8,23,65.96,74.15,11.12
2,1270225.6,2022-04,2022Q2,West,88.96,8,26,62.96,70.77,11.12
2,1270225.6,2022-05,2022Q2,West,88.96,8,17,71.96,80.89,11.12
2,1270225.6,2022-06,2022Q2,West,266.88,24,60,206.88,77.52,11.12
2,1270225.6,2022-07,2022Q3,East,177.92,16,45,132.92,74.71,11.12
2,1270225.6,2022-07,2022Q3,South,88.96,8,25,63.96,71.9,11.12
2,1270225.6,2022-07,2022Q3,West,88.96,8,25,63.96,71.9,11.12
2,1270265.6,2021-02,2021Q1,North,235.36,16,64,171.36,72.81,14.71
2,1270265.6,2021-02,2021Q1,West,353.04,24,120,233.04,66.01,14.71
2,1270265.6,2021-05,2021Q2,West,647.24,44,164,483.24,74.66,14.71
2,1270265.6,2021-06,2021Q2,West,523.44,36,112,411.44000000000005,78.6,14.540000000000001
2,1270265.6,2021-07,2021Q3,East,174.48,12,53,121.48,69.62,14.54
2,1270265.6,2021-07,2021Q3,South,290.8,20,76,214.8,73.87,14.540000000000001
2,1270265.6,2021-08,2021Q3,East,581.6,40,189,392.6,67.5,14.540000000000001
2,1270265.6,2021-08,2021Q3,West,290.8,20,95,195.8,67.33,14.540000000000001
2,1270265.6,2021-09,2021Q3,North,290.8,20,92,198.8,68.36,14.540000000000001
2,1270265.6,2021-10,2021Q4,South,581.6,40,174,407.6,70.08,14.540000000000001
2,1270265.6,2021-10,2021Q4,West,465.28,32,155,310.28,66.69,14.54
2,1270265.6,2021-11,2021Q4,South,232.64,16,51,181.64,78.08,14.54
2,1270265.6,2022-01,2022Q1,West,116.32,8,23,93.32,80.23,14.54
2,1270265.6,2022-03,2022Q1,South,232.64,16,55,177.64,76.36,14.54
2,1270265.6,2022-03,2022Q1,West,465.28,32,100,365.28,78.51,14.54
2,1270265.6,2022-04,2022Q2,North,581.6,40,128,453.6,77.99,14.540000000000001
2,1270265.6,2022-04,2022Q2,South,174.48,12,47,127.48,73.06,14.54
2,1270265.6,2022-06,2022Q2,East,174.48,12,41,133.48,76.5,14.54
2,1270265.6,2022-06,2022Q2,West,232.64,16,59,173.64,74.64,14.54
2,1270305.6,2021-02,2021Q1,East,72.68,4,19,53.68000000000001,73.86,18.17
2,1270305.6,2021-02,2021Q1,North,72.68,4,18,54.68000000000001,75.23,18.17
2,1270305.6,2021-05,2021Q2,West,72.68,4,15,57.68000000000001,79.36,18.17
2,1270305.6,2022-01,2022Q1,South,71.84,4,22,49.84,69.38,17.96
2,1270305.6,2022-03,2022Q1,East,143.68,8,44,99.68,69.38,17.96
2,1270305.6,2022-05,2022Q2,West,215.52,12,71,144.52,67.06,17.96
2,1270305.6,2022-06,2022Q2,South,71.84,4,17,54.84,76.34,17.96
2,1270305.6,2022-07,2022Q3,West,71.84,4,15,56.84,79.12,17.96
2,1270335.6,2021-01,2021Q1,East,166.08,8,40,126.08,75.92,20.76
2,1270335.6,2021-02,2021Q1,North,83.04,4,28,55.040000000000006,66.28,20.76
2,1270335.6,2021-02,2021Q1,South,166.08,8,48,118.08,71.1,20.76
2,1270335.6,2021-02,2021Q1,West,166.08,8,47,119.08,71.7,20.76
2,1270335.6,2021-04,2021Q2,North,166.08,8,46,120.08,72.3,20.76
2,1270335.6,2021-04,2021Q2,South,166.08,8,50,116.08,69.89,20.76
2,1270335.6,2021-05,2021Q2,East,166.08,8,55,111.08,66.88,20.76
2,1270335.6,2021-05,2021Q2,West,415.20000000000005,20,118,297.2,71.58,20.76
2,1270335.6,2021-06,2021Q2,East,246.24,12,64,182.24,74.01,20.52
2,1270335.6,2021-06,2021Q2,West,82.08,4,26,56.08,68.32,20.52
2,1270335.6,2021-07,2021Q3,East,164.16,8,56,108.16,65.89,20.52
2,1270335.6,2021-08,2021Q3,East,164.16,8,41,123.16,75.02,20.52
2,1270335.6,2021-08,2021Q3,South,164.16,8,56,108.16,65.89,20.52
2,1270335.6,2021-08,2021Q3,West,164.16,8,35,129.16,78.68,20.52
2,1270335.6,2021-09,2021Q3,North,164.16,8,51,113.16,68.93,20.52
2,1270335.6,2021-12,2021Q4,East,164.16,8,47,117.16,71.37,20.52
2,1270335.6,2022-01,2022Q1,South,164.16,8,57,107.16,65.28,20.52
2,1270335.6,2022-02,2022Q1,South,82.08,4,17,65.08,79.29,20.52
2,1270335.6,2022-03,2022Q1,North,82.08,4,20,62.08,75.63,20.52
2,1270335.6,2022-03,2022Q1,West,164.16,8,34,130.16,79.29,20.52
2,1270335.6,2022-04,2022Q2,East,328.32,16,78,250.32,76.24,20.52
2,1270335.6,2022-05,2022Q2,North,164.16,8,48,116.16,70.76,20.52
2,1270335.6,2022-06,2022Q2,East,164.16,8,37,127.16,77.46,20.52
2,1270335.6,2022-06,2022Q2,West,164.16,8,50,114.16,69.54,20.52
2,1270335.6,2022-07,2022Q3,East,164.16,8,57,107.16,65.28,20.52
2,1270335.6,2022-07,2022Q3,North,328.32,16,96,232.32,70.76,20.52
2,1270375.6,2021-01,2021Q1,South,96.88,4,29,67.88,70.07,24.22
2,1270375.6,2021-02,2021Q1,North,193.76,8,64,129.76,66.97,24.22
2,1270375.6,2021-03,2021Q1,West,193.76,8,61,132.76,68.52,24.22
2,1270375.6,2021-04,2021Q2,North,193.76,8,41,152.76,78.84,24.22
2,1270375.6,2021-05,2021Q2,East,581.28,24,143,438.28,75.4,24.22
2,1270375.6,2021-05,2021Q2,North,96.88,4,22,74.88,77.29,24.22
2,1270375.6,2021-06,2021Q2,West,191.52,8,60,131.52,68.67,23.94
2,1270375.6,2021-07,2021Q3,East,383.04,16,90,293.04,76.5,23.94
2,1270375.6,2021-08,2021Q3,North,287.28000000000003,12,90,197.28000000000003,68.67,23.94
2,1270375.6,2021-08,2021Q3,South,191.52,8,62,129.52,67.63,23.94
2,1270375.6,2021-09,2021Q3,East,191.52,8,48,143.52,74.94,23.94
2,1270375.6,2021-09,2021Q3,South,191.52,8,58,133.52,69.72,23.94
2,1270375.6,2021-10,2021Q4,East,191.52,8,58,133.52,69.72,23.94
2,1270375.6,2021-11,2021Q4,East,95.76,4,22,73.76,77.03,23.94
2,1270375.6,2021-12,2021Q4,South,191.52,8,56,135.52,70.76,23.94
2,1270375.6,2022-01,2022Q1,West,191.52,8,53,138.52,72.33,23.94
2,1270375.6,2022-02,2022Q1,East,191.52,8,64,127.52,66.58,23.94
2,1270375.6,2022-03,2022Q1,East,191.52,8,40,151.52,79.11,23.94
2,1270375.6,2022-03,2022Q1,South,191.52,8,46,145.52,75.98,23.94
2,1270375.6,2022-03,2022Q1,West,191.52,8,54,137.52,71.8,23.94
2,1270375.6,2022-04,2022Q2,East,287.28,12,72,215.28,74.94,23.939999999999998
2,1270375.6,2022-05,2022Q2,North,287.28,12,85,202.28,70.41,23.939999999999998
2,1270375.6,2022-05,2022Q2,West,191.52,8,58,133.52,69.72,23.94
2,1270375.6,2022-06,2022Q2,East,191.52,8,66,125.52,65.54,23.94
2,1270375.6,2022-06,2022Q2,South,478.79999999999995,20,140,338.8,70.76,23.939999999999998
2,1270375.6,2022-07,2022Q3,East,191.52,8,55,136.52,71.28,23.94
2,1270375.6,2022-07,2022Q3,West,191.52,8,57,134.52,70.24,23.94
2,1270415.6,2021-01,2021Q1,North,110.72,4,29,81.72,73.81,27.68
2,1270415.6,2021-02,2021Q1,North,110.72,4,22,88.72,80.13,27.68
2,1270415.6,2021-02,2021Q1,South,110.72,4,35,75.72,68.39,27.68
2,1270415.6,2021-04,2021Q2,South,110.72,4,36,74.72,67.49,27.68
2,1270415.6,2021-04,2021Q2,West,110.72,4,37,73.72,66.58,27.68
2,1270415.6,2021-05,2021Q2,East,110.72,4,35,75.72,68.39,27.68
2,1270415.6,2021-05,2021Q2,North,110.72,4,28,82.72,74.71,27.68
2,1270415.6,2021-06,2021Q2,South,437.76,16,106,331.76,75.79,27.36
2,1270415.6,2021-07,2021Q3,East,328.32,12,93,235.32,71.67,27.36
2,1270415.6,2021-09,2021Q3,South,109.44,4,33,76.44,69.85,27.36
2,1270415.6,2021-09,2021Q3,West,109.44,4,29,80.44,73.5,27.36
2,1270415.6,2021-10,2021Q4,East,109.44,4,35,74.44,68.02,27.36
2,1270415.6,2021-10,2021Q4,North,109.44,4,21,88.44,80.81,27.36
2,1270415.6,2022-04,2022Q2,East,218.88,8,62,156.88,71.67,27.36
2,1270415.6,2022-04,2022Q2,South,109.44,4,25,84.44,77.16,27.36
2,1270415.6,2022-05,2022Q2,East,218.88,8,59,159.88,73.04,27.36
2,1270415.6,2022-07,2022Q3,East,109.44,4,22,87.44,79.9,27.36
2,1270455.6,2021-02,2021Q1,East,62.28,2,21,41.28,66.28,31.14
2,1270455.6,2021-05,2021Q2,East,62.28,2,15,47.28,75.92,31.14
2,1270455.6,2021-05,2021Q2,North,124.56,4,29,95.56,76.72,31.14
2,1270455.6,2021-05,2021Q2,West,62.28,2,19,43.28,69.49,31.14
2,1270455.6,2021-06,2021Q2,East,123.12,4,35,88.12,71.57,30.78
2,1270455.6,2021-07,2021Q3,East,61.56,2,17,44.56,72.38,30.78
2,1270455.6,2021-08,2021Q3,North,61.56,2,13,48.56,78.88,30.78
2,1270455.6,2021-08,2021Q3,West,123.12,4,25,98.12,79.69,30.78
2,1270455.6,2021-09,2021Q3,East,61.56,2,16,45.56,74.01,30.78
2,1270455.6,2021-09,2021Q3,South,123.12,4,29,94.12,76.45,30.78
2,1270455.6,2021-10,2021Q4,West,123.12,4,34,89.12,72.38,30.78
2,1270455.6,2022-01,2022Q1,South,61.56,2,14,47.56,77.26,30.78
2,1270455.6,2022-02,2022Q1,East,61.56,2,16,45.56,74.01,30.78
2,1270455.6,2022-02,2022Q1,North,123.12,4,42,81.12,65.89,30.78
2,1270455.6,2022-02,2022Q1,West,61.56,2,12,49.56,80.51,30.78
2,1270455.6,2022-03,2022Q1,East,61.56,2,12,49.56,80.51,30.78
2,1270455.6,2022-03,2022Q1,South,61.56,2,19,42.56,69.14,30.78
2,1270455.6,2022-04,2022Q2,West,123.12,4,34,89.12,72.38,30.78
2,1270455.6,2022-06,2022Q2,North,123.12,4,29,94.12,76.45,30.78
2,1270455.6,2022-06,2022Q2,West,123.12,4,27,96.12,78.07,30.78
2,1270455.6,2022-07,2022Q3,East,123.12,4,40,83.12,67.51,30.78
2,1270495.6,2021-03,2021Q1,South,69.2,2,16,53.2,76.88,34.6
2,1270495.6,2021-10,2021Q4,West,68.4,2,19,49.40000000000001,72.22,34.2
2,1270495.6,2022-05,2022Q2,West,68.4,2,14,54.40000000000001,79.53,34.2
2,1270575.6,2021-01,2021Q1,North,332.16,8,77,255.16000000000003,76.82,41.52
2,1270575.6,2021-01,2021Q1,South,332.16,8,111,221.16000000000003,66.58,41.52
2,1270575.6,2021-02,2021Q1,East,332.16,8,93,239.16000000000003,72.0,41.52
2,1270575.6,2021-03,2021Q1,West,332.16,8,89,243.16000000000003,73.21,41.52
2,1270575.6,2021-04,2021Q2,East,996.48,24,270,726.48,72.9,41.52
2,1270575.6,2021-04,2021Q2,West,332.16,8,85,247.16000000000003,74.41,41.52
2,1270575.6,2021-05,2021Q2,North,830.4,20,194,636.4,76.64,41.519999999999996
2,1270575.6,2021-05,2021Q2,South,1162.56,28,355,807.56,69.46,41.519999999999996
2,1270575.6,2021-05,2021Q2,West,830.4,20,227,603.4,72.66,41.519999999999996
2,1270575.6,2021-06,2021Q2,South,328.32,8,72,256.32,78.07,41.04
2,1270575.6,2021-07,2021Q3,South,328.32,8,70,258.32,78.68,41.04
2,1270575.6,2021-08,2021Q3,East,1313.28,32,385,928.28,70.68,41.04
2,1270575.6,2021-08,2021Q3,South,820.8,20,244,576.8,70.27,41.04
2,1270575.6,2021-08,2021Q3,West,328.32,8,65,263.32,80.2,41.04
2,1270575.6,2021-09,2021Q3,North,328.32,8,98,230.32,70.15,41.04
2,1270575.6,2021-09,2021Q3,West,656.64,16,186,470.64,71.67,41.04
2,1270575.6,2021-10,2021Q4,East,328.32,8,68,260.32,79.29,41.04
2,1270575.6,2021-10,2021Q4,North,328.32,8,93,235.32,71.67,41.04
2,1270575.6,2021-10,2021Q4,West,328.32,8,106,222.32,67.71,41.04
2,1270575.6,2021-11,2021Q4,South,328.32,8,73,255.32,77.77,41.04
2,1270575.6,2021-12,2021Q4,West,328.32,8,84,244.32,74.42,41.04
2,1270575.6,2022-01,2022Q1,South,328.32,8,103,225.32,68.63,41.04
2,1270575.6,2022-02,2022Q1,East,656.64,16,189,467.64,71.22,41.04
2,1270575.6,2022-02,2022Q1,West,492.48,12,161,331.48,67.31,41.04
2,1270575.6,2022-03,2022Q1,West,1477.44,36,370,1107.44,74.96,41.04
2,1270575.6,2022-04,2022Q2,East,328.32,8,87,241.32,73.5,41.04
2,1270575.6,2022-04,2022Q2,North,492.48,12,118,374.48,76.04,41.04
2,1270575.6,2022-04,2022Q2,West,328.32,8,90,238.32,72.59,41.04
2,1270575.6,2022-05,2022Q2,East,492.48,12,149,343.48,69.74,41.04
2,1270575.6,2022-06,2022Q2,North,1149.12,28,373,776.12,67.54,41.04
2,1270575.6,2022-06,2022Q2,South,492.48,12,151,341.48,69.34,41.04
2,1270575.6,2022-07,2022Q3,South,1805.76,44,461,1344.76,74.47,41.04
2,1270695.6,2021-01,2021Q1,East,207.6,4,60,147.6,71.1,51.9
2,1270695.6,2021-03,2021Q1,South,103.8,2,35,68.8,66.28,51.9
2,1270695.6,2021-04,2021Q2,East,103.8,2,33,70.8,68.21,51.9
2,1270695.6,2021-10,2021Q4,North,102.6,2,24,78.6,76.61,51.3
2,1270695.6,2021-11,2021Q4,South,102.6,2,33,69.6,67.84,51.3
2,1270695.6,2022-06,2022Q2,South,102.6,2,35,67.6,65.89,51.3
2,1270695.6,2022-07,2022Q3,South,102.6,2,35,67.6,65.89,51.3
2,1270815.6,2021-08,2021Q3,West,123.12,2,31,92.12,74.82,61.56
2,1270815.6,2022-03,2022Q1,East,61.56,1,14,47.56,77.26,61.56
2,1270815.6,2022-04,2022Q2,North,123.12,2,33,90.12,73.2,61.56
2,1271055.6,2022-03,2022Q1,East,82.08,1,20,62.08,75.63,82.08
2,1271055.6,2022-05,2022Q2,South,164.16,2,38,126.16,76.85,82.08
2,1271055.6,2022-07,2022Q3,North,164.16,2,41,123.16,75.02,82.08
2,1280080,2021-05,2021Q2,East,88.2,36,30,58.2,65.99,2.45
2,1280080,2021-10,2021Q4,West,88.2,36,27,61.2,69.39,2.45
2,1280080,2022-03,2022Q1,South,91.8,36,23,68.8,74.95,2.55
2,1280120,2021-03,2021Q1,North,88.2,20,29,59.2,67.12,4.41
2,1280120,2021-05,2021Q2,North,88.2,20,30,58.2,65.99,4.41
2,1280120,2021-11,2021Q4,East,88.2,20,19,69.2,78.46,4.41
2,1280200,2021-01,2021Q1,East,99.96,12,29,70.96,70.99,8.33
2,1280200,2021-11,2021Q4,West,99.96,12,22,77.96,77.99,8.33
2,1280200,2022-04,2022Q2,West,104.04,12,23,81.04,77.89,8.67
2,1280200,2022-07,2022Q3,South,104.04,12,27,77.04,74.05,8.67
2,1280290,2021-01,2021Q1,West,101.92,8,31,70.92,69.58,12.74
2,1280290,2021-02,2021Q1,North,101.92,8,30,71.92,70.57,12.74
2,1280290,2021-05,2021Q2,North,101.92,8,26,75.92,74.49,12.74
2,1280290,2021-06,2021Q2,East,101.92,8,26,75.92,74.49,12.74
2,1280290,2022-02,2022Q1,North,106.08,8,35,71.08,67.01,13.26
2,1280290,2022-03,2022Q1,West,106.08,8,21,85.08,80.2,13.26
2,1280290,2022-04,2022Q2,North,106.08,8,24,82.08,77.38,13.26
2,1280290,2022-06,2022Q2,South,106.08,8,26,80.08,75.49,13.26
2,1280370,2021-01,2021Q1,East,67.44,4,23,44.44,65.9,16.86
2,1280370,2021-04,2021Q2,South,66.64,4,15,51.64,77.49,16.66
2,1280370,2021-05,2021Q2,East,66.64,4,18,48.64,72.99,16.66
2,1280370,2021-06,2021Q2,North,66.64,4,22,44.64,66.99,16.66
2,1280370,2021-09,2021Q3,East,66.64,4,14,52.64,78.99,16.66
2,1280370,2021-11,2021Q4,North,66.64,4,18,48.64,72.99,16.66
2,1280370,2022-04,2022Q2,West,69.36,4,15,54.36,78.37,17.34
2,1280450,2021-05,2021Q2,East,82.32,4,17,65.32,79.35,20.58
2,1280450,2021-05,2021Q2,North,82.32,4,18,64.32,78.13,20.58
2,1280450,2021-06,2021Q2,East,82.32,4,20,62.31999999999999,75.7,20.58
2,1280450,2022-05,2022Q2,North,85.68,4,27,58.68000000000001,68.49,21.42
2,1280450,2022-07,2022Q3,North,85.68,4,26,59.68000000000001,69.65,21.42
2,1280510,2021-01,2021Q1,North,94.08,4,31,63.08,67.05,23.52
2,1280510,2021-01,2021Q1,South,94.08,4,31,63.08,67.05,23.52
2,1280510,2021-03,2021Q1,West,94.08,4,30,64.08,68.11,23.52
2,1280510,2021-05,2021Q2,East,94.08,4,28,66.08,70.24,23.52
2,1280510,2021-05,2021Q2,South,94.08,4,30,64.08,68.11,23.52
2,1280510,2021-06,2021Q2,South,188.16,8,56,132.16,70.24,23.52
2,1280510,2021-08,2021Q3,North,94.08,4,32,62.08,65.99,23.52
2,1280510,2021-08,2021Q3,West,282.24,12,92,190.24,67.4,23.52
2,1280510,2021-11,2021Q4,North,94.08,4,25,69.08,73.43,23.52
2,1280510,2021-11,2021Q4,South,94.08,4,20,74.08,78.74,23.52
2,1280510,2022-01,2022Q1,South,94.08,4,27,67.08,71.3,23.52
2,1280510,2022-04,2022Q2,East,97.92,4,28,69.92,71.41,24.48
2,1280510,2022-04,2022Q2,North,97.92,4,27,70.92,72.43,24.48
2,1280510,2022-04,2022Q2,South,97.92,4,31,66.92,68.34,24.48
2,1280510,2022-04,2022Q2,West,97.92,4,29,68.92,70.38,24.48
2,1280510,2022-06,2022Q2,East,97.92,4,28,69.92,71.41,24.48
2,1280510,2022-07,2022Q3,South,195.84,8,59,136.84,69.87,24.48
2,1280600,2021-01,2021Q1,East,219.52,8,47,172.52,78.59,27.44
2,1280600,2021-01,2021Q1,West,109.76,4,31,78.76,71.76,27.44
2,1280600,2021-05,2021Q2,East,109.76,4,35,74.76,68.11,27.44
2,1280600,2021-06,2021Q2,North,109.76,4,32,77.76,70.85,27.44
2,1280600,2021-07,2021Q3,South,109.76,4,31,78.76,71.76,27.44
2,1280600,2021-07,2021Q3,West,109.76,4,35,74.76,68.11,27.44
2,1280600,2021-08,2021Q3,East,109.76,4,23,86.76,79.05,27.44
2,1280600,2021-09,2021Q3,South,109.76,4,30,79.76,72.67,27.44
2,1280600,2021-10,2021Q4,South,109.76,4,30,79.76,72.67,27.44
2,1280600,2021-11,2021Q4,South,109.76,4,31,78.76,71.76,27.44
2,1280600,2021-11,2021Q4,West,109.76,4,22,87.76,79.96,27.44
2,1280600,2021-12,2021Q4,West,109.76,4,33,76.76,69.93,27.44
2,1280600,2022-01,2022Q1,South,109.76,4,35,74.76,68.11,27.44
2,1280600,2022-03,2022Q1,South,114.24,4,30,84.24,73.74,28.56
2,1280600,2022-04,2022Q2,South,228.48,8,71,157.48,68.93,28.56
2,1280600,2022-06,2022Q2,South,114.24,4,29,85.24,74.61,28.56
2,1280600,2022-07,2022Q3,East,114.24,4,24,90.24,78.99,28.56
2,1280680,2021-09,2021Q3,North,125.44,4,42,83.44,66.52,31.36
2,1280680,2021-11,2021Q4,South,125.44,4,43,82.44,65.72,31.36
2,1280680,2021-12,2021Q4,North,125.44,4,33,92.44,73.69,31.36
2,1280680,2022-05,2022Q2,North,130.56,4,45,85.56,65.53,32.64
2,1280760,2021-01,2021Q1,West,141.12,4,43,98.12,69.53,35.28
2,1280760,2021-03,2021Q1,West,70.56,2,17,53.56,75.91,35.28
2,1280760,2021-09,2021Q3,South,70.56,2,20,50.56,71.66,35.28
2,1280760,2021-10,2021Q4,North,70.56,2,15,55.56,78.74,35.28
2,1280760,2021-10,2021Q4,West,70.56,2,18,52.56,74.49,35.28
2,1280760,2021-12,2021Q4,North,70.56,2,23,47.56,67.4,35.28
2,1280760,2022-05,2022Q2,West,73.44,2,20,53.44,72.77,36.72
2,1280760,2022-06,2022Q2,North,73.44,2,20,53.44,72.77,36.72
2,1280760,2022-06,2022Q2,West,73.44,2,16,57.44,78.21,36.72
2,1281000,2021-01,2021Q1,North,376.32,8,112,264.32,70.24,47.04
2,1281000,2021-02,2021Q1,East,658.56,14,206,452.56,68.72,47.04
2,1281000,2021-04,2021Q2,North,94.08,2,21,73.08,77.68,47.04
2,1281000,2021-04,2021Q2,West,188.16,4,43,145.16,77.15,47.04
2,1281000,2021-05,2021Q2,North,846.72,18,206,640.72,75.67,47.04
2,1281000,2021-05,2021Q2,South,188.16,4,40,148.16,78.74,47.04
2,1281000,2021-06,2021Q2,West,752.64,16,213,539.64,71.7,47.04
2,1281000,2021-07,2021Q3,East,376.32,8,104,272.32,72.36,47.04
2,1281000,2021-07,2021Q3,West,188.16,4,60,128.16,68.11,47.04
2,1281000,2021-08,2021Q3,East,188.16,4,59,129.16,68.64,47.04
2,1281000,2021-08,2021Q3,South,470.4,10,128,342.4,72.79,47.04
2,1281000,2021-09,2021Q3,East,376.32,8,83,293.32,77.94,47.04
2,1281000,2021-09,2021Q3,North,188.16,4,55,133.16,70.77,47.04
2,1281000,2021-10,2021Q4,East,188.16,4,61,127.16,67.58,47.04
2,1281000,2021-10,2021Q4,North,188.16,4,49,139.16,73.96,47.04
2,1281000,2021-10,2021Q4,South,188.16,4,58,130.16,69.18,47.04
2,1281000,2021-11,2021Q4,South,282.24,6,65,217.24,76.97,47.04
2,1281000,2021-12,2021Q4,North,564.48,12,132,432.48,76.62,47.04
2,1281000,2022-01,2022Q1,West,752.64,16,215,537.64,71.43,47.04
2,1281000,2022-02,2022Q1,East,195.84,4,51,144.84,73.96,48.96
2,1281000,2022-02,2022Q1,South,195.84,4,64,131.84,67.32,48.96
2,1281000,2022-04,2022Q2,North,391.68,8,105,286.68,73.19,48.96
2,1281000,2022-04,2022Q2,South,195.84,4,56,139.84,71.41,48.96
2,1281000,2022-05,2022Q2,South,195.84,4,61,134.84,68.85,48.96
2,1281000,2022-06,2022Q2,North,293.76,6,94,199.76,68.0,48.96
2,1281000,2022-06,2022Q2,South,195.84,4,47,148.84,76.0,48.96
2,1281000,2022-07,2022Q3,North,195.84,4,47,148.84,76.0,48.96
2,1281000,2022-07,2022Q3,South,391.68,8,96,295.68,75.49,48.96
2,1281240,2021-01,2021Q1,West,58.8,1,20,38.8,65.99,58.8
2,1281240,2021-04,2021Q2,East,58.8,1,20,38.8,65.99,58.8
2,1281240,2021-05,2021Q2,West,176.4,3,60,116.4,65.99,58.800000000000004
2,1281480,2021-09,2021Q3,South,70.56,1,23,47.56,67.4,70.56
2,1281480,2022-03,2022Q1,East,146.88,2,33,113.88,77.53,73.44
2,1281960,2022-02,2022Q1,North,94.08,1,27,67.08,71.3,94.08
2,1281960,2022-06,2022Q2,South,188.16,2,50,138.16,73.43,94.08
2,1281960,2022-07,2022Q3,North,97.92,1,28,69.92,71.41,97.92
2,1281960,2022-07,2022Q3,South,94.08,1,31,63.08,67.05,94.08
2,1310310.UP,2021-04,2021Q2,West,97.5,1,22,75.5,77.44,97.5
2,1310310.UP,2021-08,2021Q3,East,90.0,1,24,66.0,73.33,90.0
2,1310310.UP,2022-01,2022Q1,North,90.0,1,21,69.0,76.67,90.0
2,1310310.UP,2022-07,2022Q3,South,93.75,1,26,67.75,72.27,93.75
2,1406412,2022-05,2022Q2,West,82.56,2,22,60.56,73.35,41.28
2,1406947,2022-02,2022Q1,West,495.36,6,144,351.36,70.93,82.56
2,1406947,2022-03,2022Q1,East,330.24,4,72,258.24,78.2,82.56
2,1406947,2022-07,2022Q3,South,247.68,3,51,196.68,79.41,82.56
2,1407067,2021-08,2021Q3,North,88.56,1,29,59.56,67.25,88.56
2,1407067,2021-08,2021Q3,South,88.56,1,26,62.56,70.64,88.56
2,1407067,2021-08,2021Q3,West,589.68,7,147,442.68,75.07,84.24
2,1407067,2021-09,2021Q3,East,797.04,9,245,552.04,69.26,88.56
2,1407067,2022-01,2022Q1,East,88.56,1,18,70.56,79.67,88.56
2,1407067,2022-04,2022Q2,East,464.4,5,125,339.4,73.08,92.88
2,1407181,2022-07,2022Q3,East,103.2,1,32,71.2,68.99,103.2
2,1420620,2021-11,2021Q4,South,91.84,4,20,71.84,78.22,22.96
2,1420700,2021-03,2021Q1,West,101.12,4,33,68.12,67.37,25.28
2,1420700,2021-08,2021Q3,North,104.96,4,27,77.96,74.28,26.24
2,1420700,2021-08,2021Q3,West,104.96,4,21,83.96,79.99,26.24
2,1420700,2022-07,2022Q3,West,109.44,4,33,76.44,69.85,27.36
2,1421020,2021-03,2021Q1,East,75.84,2,20,55.84,73.63,37.92
2,1421020,2021-03,2021Q1,North,303.36,8,67,236.36,77.91,37.92
2,1421020,2021-03,2021Q1,South,151.68,4,30,121.68,80.22,37.92
2,1421020,2021-04,2021Q2,North,1137.6,30,368,769.5999999999998,67.65,37.919999999999995
2,1421020,2021-06,2021Q2,East,78.72,2,23,55.72,70.78,39.36
2,1421020,2021-07,2021Q3,East,78.72,2,24,54.72,69.51,39.36
2,1421020,2021-08,2021Q3,South,78.72,2,16,62.72,79.67,39.36
2,1421020,2021-09,2021Q3,West,78.72,2,24,54.72,69.51,39.36
2,1421020,2022-01,2022Q1,West,236.16,6,60,176.16,74.59,39.36
2,1421020,2022-04,2022Q2,East,82.08,2,17,65.08,79.29,41.04
2,1421020,2022-05,2022Q2,East,82.08,2,16,66.08,80.51,41.04
2,1421020,2022-06,2022Q2,South,82.08,2,26,56.08,68.32,41.04
2,1421260,2021-01,2021Q1,West,237.0,5,49,188.0,79.32,47.4
2,1421260,2021-04,2021Q2,North,142.2,3,37,105.2,73.98,47.4
2,1421260,2021-05,2021Q2,North,94.8,2,28,66.8,70.46,47.4
2,1421260,2021-05,2021Q2,West,94.8,2,24,70.8,74.68,47.4
2,1421260,2021-06,2021Q2,South,98.4,2,24,74.4,75.61,49.2
2,1421260,2021-08,2021Q3,West,98.4,2,32,66.4,67.48,49.2
2,1421260,2021-11,2021Q4,East,98.4,2,20,78.4,79.67,49.2
2,1421260,2021-11,2021Q4,West,49.2,1,15,34.2,69.51,49.2
2,1421260,2022-01,2022Q1,East,98.4,2,25,73.4,74.59,49.2
2,1421260,2022-02,2022Q1,South,98.4,2,20,78.4,79.67,49.2
2,1421260,2022-04,2022Q2,East,102.6,2,27,75.6,73.68,51.3
2,1421260,2022-06,2022Q2,North,102.6,2,26,76.6,74.66,51.3
2,1460320,2021-07,2021Q3,West,432.0,12,120,312.0,72.22,36.0
2,1470262,2021-06,2021Q2,West,76.56,12,24,52.56,68.65,6.38
2,1471840,2021-06,2021Q2,East,1008.0,28,352,656.0,65.08,36.0
2,1471840,2022-03,2022Q1,East,374.4,10,126,248.4,66.35,37.44
2,1471840,2022-03,2022Q1,North,149.76,4,46,103.76,69.28,37.44
2,1471840,2022-05,2022Q2,South,149.76,4,37,112.76,75.29,37.44
2,1472320,2021-06,2021Q2,South,1890.0,42,556,1334.0,70.58,45.0
2,1490645,2021-10,2021Q4,East,100.32,2,25,75.32,75.08,50.16
2,1740010,2021-04,2021Q2,North,71.28,36,20,51.28,71.94,1.98
2,1740010,2021-05,2021Q2,East,142.56,72,43,99.56,69.84,1.98
2,1740010,2021-05,2021Q2,North,71.28,36,24,47.28,66.33,1.98
2,1740010,2021-06,2021Q2,North,147.6,72,35,112.6,76.29,2.05
2,1740010,2021-07,2021Q3,North,73.8,36,18,55.8,75.61,2.05
2,1740010,2021-08,2021Q3,North,147.6,72,42,105.6,71.54,2.05
2,1740010,2021-08,2021Q3,West,73.8,36,21,52.8,71.54,2.05
2,1740010,2021-09,2021Q3,East,73.8,36,23,50.8,68.83,2.05
2,1740010,2021-09,2021Q3,North,147.6,72,45,102.6,69.51,2.05
2,1740010,2021-10,2021Q4,North,73.8,36,20,53.8,72.9,2.05
2,1740010,2021-11,2021Q4,North,73.8,36,19,54.8,74.25,2.05
2,1740010,2021-12,2021Q4,North,147.6,72,30,117.6,79.67,2.05
2,1740010,2021-12,2021Q4,South,73.8,36,15,58.8,79.67,2.05
2,1740010,2022-02,2022Q1,East,77.04,36,16,61.040000000000006,79.23,2.14
2,1740010,2022-02,2022Q1,South,77.04,36,24,53.040000000000006,68.85,2.14
2,1740010,2022-04,2022Q2,North,154.08,72,40,114.08000000000001,74.04,2.14
2,1740010,2022-04,2022Q2,South,77.04,36,17,60.040000000000006,77.93,2.14
2,1740010,2022-05,2022Q2,North,154.08,72,39,115.08000000000001,74.69,2.14
2,1740010,2022-06,2022Q2,South,77.04,36,23,54.040000000000006,70.15,2.14
2,1740010,2022-07,2022Q3,East,77.04,36,17,60.040000000000006,77.93,2.14
2,1740010,2022-07,2022Q3,North,154.08,72,40,114.08,74.04,2.14
2,1740010,2022-07,2022Q3,South,77.04,36,22,55.040000000000006,71.44,2.14
2,1740050,2021-01,2021Q1,East,71.2,20,16,55.2,77.53,3.56
2,1740050,2021-01,2021Q1,South,71.2,20,15,56.2,78.93,3.56
2,1740050,2021-02,2021Q1,East,427.2,120,135,292.2,68.4,3.56
2,1740050,2021-02,2021Q1,North,71.2,20,21,50.2,70.51,3.56
2,1740050,2021-02,2021Q1,South,284.8,80,59,225.8,79.28,3.56
2,1740050,2021-03,2021Q1,East,71.2,20,15,56.2,78.93,3.56
2,1740050,2021-04,2021Q2,East,142.4,40,49,93.4,65.59,3.56
2,1740050,2021-04,2021Q2,West,284.8,80,91,193.8,68.05,3.56
2,1740050,2021-05,2021Q2,East,213.60000000000002,60,67,146.60000000000002,68.63,3.5600000000000005
2,1740050,2021-05,2021Q2,North,142.4,40,31,111.4,78.23,3.56
2,1740050,2021-05,2021Q2,South,142.4,40,46,96.4,67.7,3.56
2,1740050,2021-06,2021Q2,North,511.4,140,121,390.4,76.34,3.6528571428571426
2,1740050,2021-06,2021Q2,West,221.4,60,68,153.4,69.29,3.69
2,1740050,2021-07,2021Q3,East,73.8,20,16,57.8,78.32,3.69
2,1740050,2021-07,2021Q3,South,73.8,20,17,56.8,76.96,3.69
2,1740050,2021-07,2021Q3,West,295.2,80,66,229.2,77.64,3.69
2,1740050,2021-08,2021Q3,East,73.8,20,17,56.8,76.96,3.69
2,1740050,2021-08,2021Q3,North,147.6,40,42,105.6,71.54,3.69
2,1740050,2021-08,2021Q3,South,369.0,100,83,286.0,77.51,3.69
2,1740050,2021-09,2021Q3,East,73.8,20,21,52.8,71.54,3.69
2,1740050,2021-09,2021Q3,North,73.8,20,21,52.8,71.54,3.69
2,1740050,2021-09,2021Q3,South,295.2,80,95,200.2,67.82,3.69
2,1740050,2021-09,2021Q3,West,516.6,140,147,369.6,71.54,3.69
2,1740050,2021-10,2021Q4,East,73.8,20,21,52.8,71.54,3.69
2,1740050,2021-10,2021Q4,South,73.8,20,25,48.8,66.12,3.69
2,1740050,2021-11,2021Q4,East,221.39999999999998,60,54,167.39999999999998,75.61,3.6899999999999995
2,1740050,2021-11,2021Q4,South,221.39999999999998,60,57,164.39999999999998,74.25,3.6899999999999995
2,1740050,2021-12,2021Q4,East,147.6,40,49,98.6,66.8,3.69
2,1740050,2021-12,2021Q4,South,73.8,20,22,51.8,70.19,3.69
2,1740050,2021-12,2021Q4,West,73.8,20,17,56.8,76.96,3.69
2,1740050,2022-01,2022Q1,South,73.8,20,20,53.8,72.9,3.69
2,1740050,2022-02,2022Q1,South,154.0,40,43,111.0,72.08,3.85
2,1740050,2022-02,2022Q1,West,526.2,140,127,399.2,75.86,3.758571428571429
2,1740050,2022-03,2022Q1,North,154.0,40,47,107.0,69.48,3.85
2,1740050,2022-03,2022Q1,South,308.0,80,81,227.0,73.7,3.85
2,1740050,2022-04,2022Q2,East,154.0,40,46,108.0,70.13,3.85
2,1740050,2022-04,2022Q2,South,231.0,60,52,179.0,77.49,3.85
2,1740050,2022-05,2022Q2,East,77.0,20,19,58.0,75.32,3.85
2,1740050,2022-05,2022Q2,South,308.0,80,62,246.0,79.87,3.85
2,1740050,2022-05,2022Q2,West,231.0,60,59,172.0,74.46,3.85
2,1740050,2022-06,2022Q2,North,231.0,60,49,182.0,78.79,3.85
2,1740050,2022-06,2022Q2,South,231.0,60,68,163.0,70.56,3.85
2,1740050,2022-07,2022Q3,North,231.0,60,51,180.0,77.92,3.85
2,1740050,2022-07,2022Q3,South,231.0,60,61,170.0,73.59,3.85
2,1740090,2021-01,2021Q1,South,308.4,60,87,221.4,71.79,5.14
2,1740090,2021-02,2021Q1,South,61.68,12,16,45.68,74.06,5.14
2,1740090,2021-03,2021Q1,South,185.04,36,41,144.04,77.84,5.14
2,1740090,2021-03,2021Q1,West,185.04,36,51,134.04,72.44,5.14
2,1740090,2021-04,2021Q2,North,123.36,24,34,89.36,72.44,5.14
2,1740090,2021-04,2021Q2,West,246.72,48,52,194.72,78.92,5.14
2,1740090,2021-05,2021Q2,West,308.4,60,68,240.4,77.95,5.14
2,1740090,2021-06,2021Q2,South,507.12,96,133,374.12,73.77,5.2825
2,1740090,2021-06,2021Q2,West,63.96,12,13,50.96,79.67,5.33
2,1740090,2021-07,2021Q3,South,127.92,24,25,102.92,80.46,5.33
2,1740090,2021-07,2021Q3,West,127.92,24,43,84.92,66.39,5.33
2,1740090,2021-08,2021Q3,East,191.88,36,66,125.88,65.6,5.33
2,1740090,2021-08,2021Q3,West,127.92,24,35,92.92,72.64,5.33
2,1740090,2021-09,2021Q3,North,127.92,24,28,99.92,78.11,5.33
2,1740090,2021-09,2021Q3,South,191.88,36,51,140.88,73.42,5.33
2,1740090,2021-10,2021Q4,East,127.92,24,37,90.92,71.08,5.33
2,1740090,2021-10,2021Q4,North,191.88,36,44,147.88,77.07,5.33
2,1740090,2021-11,2021Q4,South,191.88,36,55,136.88,71.34,5.33
2,1740090,2021-12,2021Q4,South,191.88,36,55,136.88,71.34,5.33
2,1740090,2022-01,2022Q1,South,127.92,24,30,97.92,76.55,5.33
2,1740090,2022-02,2022Q1,East,66.72,12,15,51.72,77.52,5.56
2,1740090,2022-02,2022Q1,North,133.44,24,37,96.44,72.27,5.56
2,1740090,2022-03,2022Q1,East,66.72,12,18,48.72,73.02,5.56
2,1740090,2022-03,2022Q1,North,133.44,24,33,100.44,75.27,5.56
2,1740090,2022-03,2022Q1,South,66.72,12,16,50.72,76.02,5.56
2,1740090,2022-04,2022Q2,South,200.16,36,49,151.16,75.52,5.56
2,1740090,2022-05,2022Q2,East,266.88,48,88,178.88,67.03,5.56
2,1740090,2022-06,2022Q2,North,200.16,36,63,137.16,68.53,5.56
2,1740090,2022-06,2022Q2,West,400.32,72,89,311.32,77.77,5.56
2,1740090,2022-07,2022Q3,East,400.32,72,98,302.32,75.52,5.56
2,1740090,2022-07,2022Q3,South,200.16,36,48,152.16,76.02,5.56
2,1740130,2021-01,2021Q1,South,322.56,48,97,225.56,69.93,6.72
2,1740130,2021-02,2021Q1,North,80.64,12,28,52.64,65.28,6.72
2,1740130,2021-02,2021Q1,West,645.12,96,183,462.12,71.63,6.72
2,1740130,2021-03,2021Q1,West,161.28,24,36,125.28,77.68,6.72
2,1740130,2021-04,2021Q2,East,241.92,36,81,160.92,66.52,6.72
2,1740130,2021-04,2021Q2,South,967.68,144,264,703.68,72.72,6.72
2,1740130,2021-05,2021Q2,North,241.92,36,67,174.92,72.3,6.72
2,1740130,2021-05,2021Q2,West,725.76,108,171,554.76,76.44,6.72
2,1740130,2021-06,2021Q2,North,250.92,36,84,166.92,66.52,6.97
2,1740130,2021-06,2021Q2,South,250.92,36,64,186.92,74.49,6.97
2,1740130,2021-06,2021Q2,West,403.2,60,135,268.2,66.52,6.72
2,1740130,2021-07,2021Q3,North,501.84,72,158,343.84,68.52,6.97
2,1740130,2021-07,2021Q3,South,250.92,36,54,196.92,78.48,6.97
2,1740130,2021-07,2021Q3,West,250.92,36,59,191.92,76.49,6.97
2,1740130,2021-08,2021Q3,East,250.92,36,70,180.92,72.1,6.97
2,1740130,2021-08,2021Q3,West,418.2,60,124,294.2,70.35,6.97
2,1740130,2021-09,2021Q3,East,250.92,36,58,192.92,76.89,6.97
2,1740130,2021-09,2021Q3,South,250.92,36,67,183.92,73.3,6.97
2,1740130,2021-09,2021Q3,West,250.92,36,86,164.92,65.73,6.97
2,1740130,2021-10,2021Q4,East,167.28,24,40,127.28,76.09,6.97
2,1740130,2021-10,2021Q4,North,167.28,24,49,118.28,70.71,6.97
2,1740130,2021-10,2021Q4,West,250.92,36,62,188.92,75.29,6.97
2,1740130,2021-11,2021Q4,East,250.92,36,50,200.92,80.07,6.97
2,1740130,2021-11,2021Q4,North,501.84,72,137,364.84,72.7,6.97
2,1740130,2021-11,2021Q4,South,250.92,36,67,183.92,73.3,6.97
2,1740130,2021-12,2021Q4,North,250.92,36,57,193.92,77.28,6.97
2,1740130,2022-01,2022Q1,West,585.48,84,181,404.48,69.09,6.970000000000001
2,1740130,2022-03,2022Q1,South,348.96,48,109,239.96,68.76,7.27
2,1740130,2022-03,2022Q1,West,523.44,72,117,406.44000000000005,77.65,7.2700000000000005
2,1740130,2022-04,2022Q2,East,174.48,24,53,121.48,69.62,7.27
2,1740130,2022-04,2022Q2,North,436.2,60,131,305.2,69.97,7.27
2,1740130,2022-04,2022Q2,South,523.44,72,122,401.44000000000005,76.69,7.2700000000000005
2,1740130,2022-05,2022Q2,East,261.72,36,58,203.72000000000003,77.84,7.2700000000000005
2,1740130,2022-05,2022Q2,West,261.72,36,78,183.72000000000003,70.2,7.2700000000000005
2,1740130,2022-06,2022Q2,East,261.72,36,55,206.72000000000003,78.99,7.2700000000000005
2,1740130,2022-06,2022Q2,North,261.72,36,63,198.72000000000003,75.93,7.2700000000000005
2,1740130,2022-06,2022Q2,West,523.44,72,126,397.44000000000005,75.93,7.2700000000000005
2,1740130,2022-07,2022Q3,East,697.9200000000001,96,181,516.9200000000001,74.07,7.2700000000000005
2,1740170,2021-03,2021Q1,West,66.4,8,21,45.40000000000001,68.37,8.3
2,1740170,2021-07,2021Q3,South,68.88,8,17,51.88,75.32,8.61
2,1740170,2021-10,2021Q4,East,68.88,8,24,44.88,65.16,8.61
2,1740170,2021-12,2021Q4,West,137.76,16,43,94.76,68.79,8.61
2,1740170,2022-02,2022Q1,East,140.72,16,35,105.72,75.13,8.795
2,1740170,2022-03,2022Q1,South,71.84,8,24,47.84,66.59,8.98
2,1740170,2022-04,2022Q2,East,71.84,8,18,53.84,74.94,8.98
2,1740220,2021-01,2021Q1,North,246.48,24,83,163.48,66.33,10.27
2,1740220,2021-01,2021Q1,South,492.96,48,126,366.96,74.44,10.27
2,1740220,2021-01,2021Q1,West,246.48,24,67,179.48,72.82,10.27
2,1740220,2021-02,2021Q1,North,410.79999999999995,40,125,285.79999999999995,69.57,10.27
2,1740220,2021-02,2021Q1,South,246.48,24,83,163.48,66.33,10.27
2,1740220,2021-02,2021Q1,West,246.48,24,85,161.48,65.51,10.27
2,1740220,2021-03,2021Q1,East,492.96,48,103,389.96,79.11,10.27
2,1740220,2021-03,2021Q1,South,328.64,32,90,238.64,72.61,10.27
2,1740220,2021-03,2021Q1,West,1150.24,112,282,868.24,75.48,10.27
2,1740220,2021-04,2021Q2,North,2218.32,216,674,1544.3200000000004,69.62,10.270000000000001
2,1740220,2021-04,2021Q2,West,739.44,72,220,519.44,70.25,10.270000000000001
2,1740220,2021-05,2021Q2,East,2218.32,216,464,1754.3200000000004,79.08,10.270000000000001
2,1740220,2021-05,2021Q2,North,575.12,56,164,411.12,71.48,10.27
2,1740220,2021-05,2021Q2,West,328.64,32,108,220.64,67.14,10.27
2,1740220,2021-06,2021Q2,North,341.12,32,108,233.12,68.34,10.66
2,1740220,2021-07,2021Q3,South,1705.6,160,572,1133.6,66.46,10.66
2,1740220,2021-07,2021Q3,West,255.84,24,70,185.84,72.64,10.66
2,1740220,2021-08,2021Q3,East,426.4,40,148,278.4,65.29,10.66
2,1740220,2021-08,2021Q3,North,341.12,32,107,234.12,68.63,10.66
2,1740220,2021-08,2021Q3,West,1620.3200000000002,152,494,1126.32,69.51,10.660000000000002
2,1740220,2021-09,2021Q3,North,1108.6399999999999,104,346,762.64,68.79,10.659999999999998
2,1740220,2021-09,2021Q3,South,341.12,32,111,230.12,67.46,10.66
2,1740220,2021-09,2021Q3,West,170.56,16,51,119.56,70.1,10.66
2,1740220,2021-10,2021Q4,East,511.68,48,131,380.68,74.4,10.66
2,1740220,2021-10,2021Q4,North,341.12,32,100,241.12,70.68,10.66
2,1740220,2021-10,2021Q4,South,255.84,24,62,193.84,75.77,10.66
2,1740220,2021-11,2021Q4,East,1108.64,104,328,780.64,70.41,10.66
2,1740220,2021-11,2021Q4,West,767.52,72,195,572.52,74.59,10.66
2,1740220,2021-12,2021Q4,West,767.52,72,200,567.52,73.94,10.66
2,1740220,2022-01,2022Q1,North,255.84,24,83,172.84,67.56,10.66
2,1740220,2022-01,2022Q1,South,341.12,32,113,228.12,66.87,10.66
2,1740220,2022-01,2022Q1,West,426.4,40,116,310.4,72.8,10.66
2,1740220,2022-02,2022Q1,North,711.68,64,186,525.68,73.86,11.12
2,1740220,2022-02,2022Q1,South,533.76,48,142,391.76,73.4,11.12
2,1740220,2022-03,2022Q1,East,266.88,24,70,196.88,73.77,11.12
2,1740220,2022-03,2022Q1,North,444.8,40,129,315.8,71.0,11.120000000000001
2,1740220,2022-03,2022Q1,South,444.8,40,118,326.8,73.47,11.120000000000001
2,1740220,2022-03,2022Q1,West,622.72,56,161,461.72,74.15,11.120000000000001
2,1740220,2022-04,2022Q2,North,444.8,40,118,326.8,73.47,11.120000000000001
2,1740220,2022-04,2022Q2,South,2846.7200000000003,256,788,2058.7200000000003,72.32,11.120000000000001
2,1740220,2022-04,2022Q2,West,355.84,32,114,241.84,67.96,11.12
2,1740220,2022-05,2022Q2,West,444.8,40,141,303.8,68.3,11.120000000000001
2,1740220,2022-06,2022Q2,South,889.6,80,271,618.6,69.54,11.120000000000001
2,1740220,2022-06,2022Q2,West,1245.44,112,345,900.44,72.3,11.120000000000001
2,1740220,2022-07,2022Q3,East,978.56,88,247,731.56,74.76,11.12
2,1740220,2022-07,2022Q3,North,889.6,80,211,678.6,76.28,11.120000000000001
2,1740300,2021-01,2021Q1,West,1450.44,108,387,1063.44,73.32,13.43
2,1740300,2021-02,2021Q1,East,483.48,36,160,323.48,66.91,13.43
2,1740300,2021-02,2021Q1,West,107.44,8,28,79.44,73.94,13.43
2,1740300,2021-03,2021Q1,East,322.32,24,90,232.32,72.08,13.43
2,1740300,2021-03,2021Q1,North,376.04,28,119,257.04,68.35,13.430000000000001
2,1740300,2021-03,2021Q1,West,268.6,20,68,200.6,74.68,13.430000000000001
2,1740300,2021-04,2021Q2,North,322.32,24,95,227.32,70.53,13.43
2,1740300,2021-04,2021Q2,South,1450.44,108,409,1041.44,71.8,13.43
2,1740300,2021-05,2021Q2,East,2041.3600000000001,152,487,1554.3600000000001,76.14,13.430000000000001
2,1740300,2021-06,2021Q2,North,334.56,24,115,219.56,65.63,13.94
2,1740300,2021-06,2021Q2,South,892.1600000000001,64,265,627.1600000000001,70.3,13.940000000000001
2,1740300,2021-06,2021Q2,West,334.56,24,114,220.56,65.93,13.94
2,1740300,2021-07,2021Q3,East,669.12,48,144,525.12,78.48,13.94
2,1740300,2021-07,2021Q3,North,278.8,20,64,214.8,77.04,13.940000000000001
2,1740300,2021-07,2021Q3,South,446.08,32,97,349.08,78.26,13.94
2,1740300,2021-08,2021Q3,East,669.12,48,194,475.12,71.01,13.94
2,1740300,2021-08,2021Q3,North,446.08000000000004,32,104,342.08000000000004,76.69,13.940000000000001
2,1740300,2021-09,2021Q3,East,278.8,20,82,196.8,70.59,13.940000000000001
2,1740300,2021-09,2021Q3,South,947.9200000000001,68,256,691.9200000000001,72.99,13.940000000000001
2,1740300,2021-10,2021Q4,North,278.8,20,74,204.8,73.46,13.940000000000001
2,1740300,2021-10,2021Q4,South,780.6400000000001,56,217,563.6400000000001,72.2,13.940000000000001
2,1740300,2021-10,2021Q4,West,334.56,24,77,257.56,76.98,13.94
2,1740300,2021-11,2021Q4,East,390.32,28,87,303.32,77.71,13.94
2,1740300,2021-11,2021Q4,North,724.88,52,163,561.88,77.51,13.94
2,1740300,2021-11,2021Q4,West,334.56,24,100,234.56,70.11,13.94
2,1740300,2021-12,2021Q4,East,334.56,24,87,247.56,74.0,13.94
2,1740300,2022-01,2022Q1,East,334.56,24,103,231.56,69.21,13.94
2,1740300,2022-01,2022Q1,South,1226.72,88,353,873.72,71.22,13.94
2,1740300,2022-03,2022Q1,East,872.4000000000001,60,277,595.4000000000001,68.25,14.540000000000001
2,1740300,2022-03,2022Q1,North,290.8,20,64,226.8,77.99,14.540000000000001
2,1740300,2022-03,2022Q1,South,930.56,64,309,621.56,66.79,14.54
2,1740300,2022-04,2022Q2,North,348.96,24,107,241.96,69.34,14.54
2,1740300,2022-04,2022Q2,South,348.96,24,109,239.96,68.76,14.54
2,1740300,2022-04,2022Q2,West,872.4,60,207,665.4000000000001,76.27,14.54
2,1740300,2022-05,2022Q2,East,1337.6799999999998,92,400,937.68,70.1,14.539999999999997
2,1740300,2022-05,2022Q2,West,581.6,40,123,458.6,78.85,14.540000000000001
2,1740300,2022-06,2022Q2,South,348.96,24,79,269.96,77.36,14.54
2,1740300,2022-06,2022Q2,West,348.96,24,85,263.96,75.64,14.54
2,1740300,2022-07,2022Q3,East,697.92,48,153,544.92,78.08,14.54
2,1740300,2022-07,2022Q3,South,1046.8799999999999,72,297,749.88,71.63,14.54
2,1740300,2022-07,2022Q3,West,348.96,24,81,267.96,76.79,14.54
2,1740380,2021-01,2021Q1,South,464.52,28,133,331.52,71.37,16.59
2,1740380,2021-01,2021Q1,West,663.6,40,199,464.6,70.01,16.59
2,1740380,2021-02,2021Q1,East,929.0400000000001,56,296,633.0400000000001,68.14,16.59
2,1740380,2021-02,2021Q1,North,132.72,8,42,90.72,68.35,16.59
2,1740380,2021-03,2021Q1,North,1791.72,108,474,1317.72,73.54,16.59
2,1740380,2021-04,2021Q2,North,132.72,8,41,91.72,69.11,16.59
2,1740380,2021-05,2021Q2,East,331.8,20,109,222.8,67.15,16.59
2,1740380,2021-05,2021Q2,North,1791.72,108,468,1323.72,73.88,16.59
2,1740380,2021-05,2021Q2,West,1791.72,108,444,1347.72,75.22,16.59
2,1740380,2021-06,2021Q2,East,344.4,20,105,239.4,69.51,17.22
2,1740380,2021-07,2021Q3,North,1033.2,60,353,680.2,65.83,17.220000000000002
2,1740380,2021-07,2021Q3,West,1033.2,60,288,745.2,72.13,17.220000000000002
2,1740380,2021-08,2021Q3,East,688.8,40,176,512.8,74.45,17.22
2,1740380,2021-08,2021Q3,South,344.4,20,71,273.4,79.38,17.22
2,1740380,2021-08,2021Q3,West,344.4,20,103,241.4,70.09,17.22
2,1740380,2021-09,2021Q3,East,688.8,40,198,490.79999999999995,71.25,17.22
2,1740380,2021-09,2021Q3,South,344.4,20,85,259.4,75.32,17.22
2,1740380,2021-10,2021Q4,West,688.8,40,222,466.8,67.77,17.22
2,1740380,2021-11,2021Q4,West,344.4,20,116,228.4,66.32,17.22
2,1740380,2021-12,2021Q4,East,344.4,20,90,254.4,73.87,17.22
2,1740380,2021-12,2021Q4,South,688.8,40,147,541.8,78.66,17.22
2,1740380,2022-01,2022Q1,East,413.28,24,97,316.28,76.53,17.22
2,1740380,2022-01,2022Q1,South,482.16,28,148,334.16,69.3,17.220000000000002
2,1740380,2022-01,2022Q1,West,413.28,24,117,296.28,71.69,17.22
2,1740380,2022-02,2022Q1,East,143.68,8,31,112.68,78.42,17.96
2,1740380,2022-02,2022Q1,North,287.36,16,75,212.36,73.9,17.96
2,1740380,2022-02,2022Q1,South,790.24,44,179,611.24,77.35,17.96
2,1740380,2022-03,2022Q1,East,431.04,24,93,338.04,78.42,17.96
2,1740380,2022-03,2022Q1,South,646.56,36,218,428.56,66.28,17.959999999999997
2,1740380,2022-04,2022Q2,East,1221.28,68,407,814.28,66.67,17.96
2,1740380,2022-04,2022Q2,West,718.4,40,172,546.4,76.06,17.96
2,1740380,2022-05,2022Q2,East,862.08,48,252,610.08,70.77,17.96
2,1740380,2022-06,2022Q2,East,359.2,20,116,243.2,67.71,17.96
2,1740380,2022-06,2022Q2,North,359.2,20,83,276.2,76.89,17.96
2,1740380,2022-07,2022Q3,East,359.2,20,89,270.2,75.22,17.96
2,1740380,2022-07,2022Q3,South,718.4,40,169,549.4,76.48,17.96
2,1740440,2021-01,2021Q1,East,303.36,16,62,241.36,79.56,18.96
2,1740440,2021-01,2021Q1,North,2047.68,108,540,1507.68,73.63,18.96
2,1740440,2021-02,2021Q1,North,6143.04,324,1442,4701.04,76.53,18.96
2,1740440,2021-03,2021Q1,East,2047.68,108,680,1367.68,66.79,18.96
2,1740440,2021-04,2021Q2,South,2047.68,108,663,1384.68,67.62,18.96
2,1740440,2021-04,2021Q2,West,2047.68,108,565,1482.68,72.41,18.96
2,1740440,2021-05,2021Q2,North,758.4,40,154,604.4,79.69,18.96
2,1740440,2021-05,2021Q2,South,2047.68,108,426,1621.68,79.2,18.96
2,1740440,2021-05,2021Q2,West,985.92,52,279,706.92,71.7,18.96
2,1740440,2021-06,2021Q2,East,5275.2,272,1186,4089.2,77.52,19.394117647058824
2,1740440,2021-06,2021Q2,West,629.76,32,207,422.76,67.13,19.68
2,1740440,2021-07,2021Q3,North,2125.44,108,574,1551.44,72.99,19.68
2,1740440,2021-07,2021Q3,South,2755.2,140,672,2083.2,75.61,19.68
2,1740440,2021-08,2021Q3,East,2046.72,104,585,1461.72,71.42,19.68
2,1740440,2021-08,2021Q3,North,1259.52,64,372,887.52,70.46,19.68
2,1740440,2021-08,2021Q3,West,1259.52,64,380,879.52,69.83,19.68
2,1740440,2021-09,2021Q3,East,2519.04,128,724,1795.04,71.26,19.68
2,1740440,2021-09,2021Q3,South,629.76,32,185,444.76,70.62,19.68
2,1740440,2021-10,2021Q4,South,1731.84,88,434,1297.8399999999997,74.94,19.68
2,1740440,2021-10,2021Q4,West,2125.44,108,451,1674.44,78.78,19.68
2,1740440,2021-11,2021Q4,East,1180.8,60,275,905.8,76.71,19.68
2,1740440,2021-11,2021Q4,North,551.04,28,111,440.04,79.86,19.68
2,1740440,2021-11,2021Q4,South,629.76,32,198,431.76,68.56,19.68
2,1740440,2021-11,2021Q4,West,551.04,28,114,437.04,79.31,19.68
2,1740440,2021-12,2021Q4,North,551.04,28,148,403.04,73.14,19.68
2,1740440,2021-12,2021Q4,South,551.04,28,174,377.04,68.42,19.68
2,1740440,2022-01,2022Q1,East,472.32,24,104,368.32,77.98,19.68
2,1740440,2022-01,2022Q1,North,1102.08,56,325,777.08,70.51,19.68
2,1740440,2022-02,2022Q1,North,1231.2,60,412,819.2,66.54,20.52
2,1740440,2022-02,2022Q1,South,574.56,28,170,404.56,70.41,20.52
2,1740440,2022-02,2022Q1,West,1912.8,96,584,1328.8,69.47,19.925
2,1740440,2022-03,2022Q1,East,410.4,20,89,321.4,78.31,20.52
2,1740440,2022-03,2022Q1,South,574.56,28,170,404.56,70.41,20.52
2,1740440,2022-03,2022Q1,West,2790.72,136,831,1959.72,70.22,20.52
2,1740440,2022-04,2022Q2,East,656.64,32,189,467.64,71.22,20.52
2,1740440,2022-04,2022Q2,North,1887.8400000000001,92,645,1242.8400000000001,65.83,20.520000000000003
2,1740440,2022-04,2022Q2,South,1231.1999999999998,60,335,896.2,72.79,20.519999999999996
2,1740440,2022-04,2022Q2,West,656.64,32,170,486.64,74.11,20.52
2,1740440,2022-05,2022Q2,East,2462.4,120,543,1919.4,77.95,20.52
2,1740440,2022-05,2022Q2,North,656.64,32,210,446.64,68.02,20.52
2,1740440,2022-05,2022Q2,South,574.56,28,119,455.56,79.29,20.52
2,1740440,2022-06,2022Q2,North,1641.6,80,443,1198.6,73.01,20.52
2,1740440,2022-06,2022Q2,South,656.64,32,173,483.64,73.65,20.52
2,1740440,2022-06,2022Q2,West,1969.92,96,488,1481.92,75.23,20.52
2,1740440,2022-07,2022Q3,North,738.72,36,156,582.72,78.88,20.52
2,1740440,2022-07,2022Q3,South,656.64,32,166,490.64,74.72,20.52
2,1740440,2022-07,2022Q3,West,3201.12,156,958,2243.12,70.07,20.52
2,1740520,2021-02,2021Q1,East,3096.8,140,813,2283.8,73.75,22.12
2,1740520,2021-02,2021Q1,North,2831.36,128,856,1975.3600000000001,69.77,22.12
2,1740520,2021-02,2021Q1,West,884.8,40,281,603.8,68.24,22.119999999999997
2,1740520,2021-03,2021Q1,East,2388.96,108,531,1857.96,77.77,22.12
2,1740520,2021-03,2021Q1,West,4777.92,216,1242,3535.92,74.01,22.12
2,1740520,2021-04,2021Q2,North,2388.96,108,644,1744.96,73.04,22.12
2,1740520,2021-04,2021Q2,West,2388.96,108,480,1908.96,79.91,22.12
2,1740520,2021-05,2021Q2,West,9555.84,432,2564,6991.84,73.17,22.12
2,1740520,2021-06,2021Q2,East,2388.96,108,691,1697.96,71.08,22.12
2,1740520,2021-06,2021Q2,North,2479.68,108,783,1696.6799999999996,68.42,22.959999999999997
2,1740520,2021-06,2021Q2,South,918.4,40,198,720.4,78.44,22.96
2,1740520,2021-06,2021Q2,West,1836.8,80,413,1423.8,77.52,22.96
2,1740520,2021-07,2021Q3,North,826.56,36,201,625.56,75.68,22.959999999999997
2,1740520,2021-07,2021Q3,South,1561.28,68,467,1094.28,70.09,22.96
2,1740520,2021-07,2021Q3,West,3581.76,156,871,2710.76,75.68,22.96
2,1740520,2021-08,2021Q3,East,734.72,32,203,531.72,72.37,22.96
2,1740520,2021-08,2021Q3,North,1561.28,68,363,1198.28,76.75,22.96
2,1740520,2021-08,2021Q3,South,3306.24,144,1028,2278.24,68.91,22.959999999999997
2,1740520,2021-08,2021Q3,West,1469.44,64,331,1138.44,77.47,22.96
2,1740520,2021-09,2021Q3,East,734.72,32,242,492.72,67.06,22.96
2,1740520,2021-09,2021Q3,North,734.72,32,147,587.72,79.99,22.96
2,1740520,2021-10,2021Q4,North,4683.84,204,1133,3550.84,75.81,22.96
2,1740520,2021-10,2021Q4,South,2479.68,108,759,1720.6799999999996,69.39,22.959999999999997
2,1740520,2021-10,2021Q4,West,734.72,32,225,509.72,69.38,22.96
2,1740520,2021-11,2021Q4,North,2020.48,88,495,1525.48,75.5,22.96
2,1740520,2021-11,2021Q4,South,734.72,32,251,483.72,65.84,22.96
2,1740520,2021-12,2021Q4,North,642.88,28,194,448.88,69.82,22.96
2,1740520,2021-12,2021Q4,South,642.88,28,221,421.88,65.62,22.96
2,1740520,2021-12,2021Q4,West,1377.6,60,358,1019.6,74.01,22.959999999999997
2,1740520,2022-01,2022Q1,East,1377.6,60,394,983.6,71.4,22.959999999999997
2,1740520,2022-01,2022Q1,North,642.88,28,143,499.88,77.76,22.96
2,1740520,2022-02,2022Q1,North,2327.36,100,720,1607.36,69.06,23.273600000000002
2,1740520,2022-02,2022Q1,South,766.08,32,197,569.08,74.28,23.94
2,1740520,2022-02,2022Q1,West,3926.16,164,1212,2714.16,69.13,23.939999999999998
2,1740520,2022-03,2022Q1,East,1532.16,64,445,1087.16,70.96,23.94
2,1740520,2022-03,2022Q1,South,4213.4400000000005,176,1213,3000.44,71.21,23.94
2,1740520,2022-03,2022Q1,West,861.84,36,252,609.84,70.76,23.94
2,1740520,2022-04,2022Q2,North,1723.68,72,527,1196.68,69.43,23.94
2,1740520,2022-04,2022Q2,South,2489.76,104,607,1882.7600000000002,75.62,23.94
2,1740520,2022-04,2022Q2,West,2394.0,100,614,1780.0,74.35,23.94
2,1740520,2022-05,2022Q2,North,2298.2400000000002,96,558,1740.2400000000002,75.72,23.94
2,1740520,2022-05,2022Q2,South,2585.52,108,904,1681.52,65.04,23.94
2,1740520,2022-06,2022Q2,North,766.08,32,192,574.08,74.94,23.94
2,1740520,2022-06,2022Q2,West,4500.72,188,1068,3432.7200000000003,76.27,23.94
2,1740520,2022-07,2022Q3,East,766.08,32,186,580.08,75.72,23.94
2,1740520,2022-07,2022Q3,North,2298.2400000000002,96,519,1779.2400000000002,77.42,23.94
2,1740520,2022-07,2022Q3,South,4883.76,204,1237,3646.76,74.67,23.94
2,1740600,2021-01,2021Q1,East,808.96,32,231,577.96,71.44,25.28
2,1740600,2021-01,2021Q1,West,606.72,24,163,443.72,73.13,25.28
2,1740600,2021-02,2021Q1,East,1213.44,48,283,930.44,76.68,25.28
2,1740600,2021-02,2021Q1,South,606.72,24,140,466.72,76.93,25.28
2,1740600,2021-02,2021Q1,West,505.6,20,165,340.6,67.37,25.28
2,1740600,2021-03,2021Q1,East,606.72,24,146,460.72,75.94,25.28
2,1740600,2021-03,2021Q1,North,910.08,36,227,683.08,75.06,25.28
2,1740600,2021-03,2021Q1,South,404.48,16,99,305.48,75.52,25.28
2,1740600,2021-04,2021Q2,North,1415.68,56,334,1081.68,76.41,25.28
2,1740600,2021-04,2021Q2,South,1112.32,44,364,748.3199999999998,67.28,25.279999999999998
2,1740600,2021-05,2021Q2,North,1516.8,60,494,1022.8,67.43,25.279999999999998
2,1740600,2021-05,2021Q2,West,1213.44,48,297,916.44,75.52,25.28
2,1740600,2021-06,2021Q2,North,1648.64,64,362,1286.64,78.04,25.76
2,1740600,2021-06,2021Q2,South,524.8,20,170,354.7999999999999,67.61,26.24
2,1740600,2021-06,2021Q2,West,839.68,32,196,643.68,76.66,26.24
2,1740600,2021-07,2021Q3,East,419.84,16,117,302.84,72.13,26.24
2,1740600,2021-07,2021Q3,North,1364.48,52,420,944.48,69.22,26.240000000000002
2,1740600,2021-07,2021Q3,South,629.76,24,214,415.76,66.02,26.24
2,1740600,2021-08,2021Q3,East,1154.56,44,322,832.56,72.11,26.24
2,1740600,2021-08,2021Q3,North,2519.04,96,634,1885.04,74.83,26.24
2,1740600,2021-09,2021Q3,North,1049.6,40,275,774.6,73.8,26.24
2,1740600,2021-09,2021Q3,South,314.88,12,101,213.88,67.92,26.24
2,1740600,2021-09,2021Q3,West,314.88,12,68,246.88,78.4,26.24
2,1740600,2021-10,2021Q4,East,524.8,20,179,345.7999999999999,65.89,26.24
2,1740600,2021-10,2021Q4,North,839.68,32,288,551.68,65.7,26.24
2,1740600,2021-10,2021Q4,West,524.8,20,155,369.8,70.46,26.24
2,1740600,2021-11,2021Q4,East,419.84,16,98,321.84,76.66,26.24
2,1740600,2021-11,2021Q4,South,839.68,32,229,610.68,72.73,26.24
2,1740600,2021-12,2021Q4,East,839.68,32,204,635.68,75.71,26.24
2,1740600,2021-12,2021Q4,South,1049.6,40,234,815.5999999999998,77.71,26.24
2,1740600,2021-12,2021Q4,West,419.84,16,141,278.84,66.42,26.24
2,1740600,2022-01,2022Q1,East,1364.48,52,390,974.48,71.42,26.240000000000002
2,1740600,2022-01,2022Q1,North,524.8,20,170,354.7999999999999,67.61,26.24
2,1740600,2022-01,2022Q1,South,419.84,16,142,277.84,66.18,26.24
2,1740600,2022-02,2022Q1,South,328.32,12,71,257.32,78.37,27.36
2,1740600,2022-03,2022Q1,East,1532.16,56,442,1090.16,71.15,27.360000000000003
2,1740600,2022-03,2022Q1,North,547.2,20,178,369.2000000000001,67.47,27.360000000000003
2,1740600,2022-03,2022Q1,West,547.2,20,129,418.2000000000001,76.43,27.360000000000003
2,1740600,2022-04,2022Q2,East,547.2,20,182,365.2000000000001,66.74,27.360000000000003
2,1740600,2022-04,2022Q2,South,1641.6000000000001,60,428,1213.6000000000004,73.93,27.360000000000003
2,1740600,2022-04,2022Q2,West,547.2,20,164,383.2000000000001,70.03,27.360000000000003
2,1740600,2022-05,2022Q2,North,1094.4,40,292,802.4000000000002,73.32,27.360000000000003
2,1740600,2022-05,2022Q2,West,984.96,36,201,783.96,79.59,27.36
2,1740600,2022-06,2022Q2,East,547.2,20,164,383.2000000000001,70.03,27.360000000000003
2,1740600,2022-06,2022Q2,North,1094.4,40,315,779.4000000000002,71.22,27.360000000000003
2,1740600,2022-06,2022Q2,West,656.64,24,181,475.64,72.44,27.36
2,1740600,2022-07,2022Q3,East,1203.8400000000001,44,383,820.8399999999999,68.19,27.360000000000003
2,1740600,2022-07,2022Q3,West,875.52,32,256,619.52,70.76,27.36
2,1740680,2021-02,2021Q1,East,341.28,12,90,251.28,73.63,28.439999999999998
2,1740680,2021-02,2021Q1,North,2388.96,84,506,1882.96,78.82,28.44
2,1740680,2021-02,2021Q1,South,398.16,14,98,300.16,75.39,28.44
2,1740680,2021-04,2021Q2,East,341.28,12,76,265.28,77.73,28.439999999999998
2,1740680,2021-04,2021Q2,North,568.8,20,155,413.8,72.75,28.439999999999998
2,1740680,2021-04,2021Q2,South,398.16,14,86,312.16,78.4,28.44
2,1740680,2021-05,2021Q2,East,2388.96,84,727,1661.96,69.57,28.44
2,1740680,2021-05,2021Q2,South,2388.96,84,683,1705.96,71.41,28.44
2,1740680,2021-06,2021Q2,East,2479.68,84,578,1901.68,76.69,29.52
2,1740680,2021-06,2021Q2,South,944.64,32,256,688.64,72.9,29.52
2,1740680,2021-07,2021Q3,East,413.28,14,106,307.28,74.35,29.52
2,1740680,2021-07,2021Q3,South,590.4,20,127,463.4,78.49,29.52
2,1740680,2021-08,2021Q3,East,2243.52,76,760,1483.5200000000002,66.12,29.52
2,1740680,2021-08,2021Q3,North,826.56,28,214,612.56,74.11,29.52
2,1740680,2021-08,2021Q3,South,413.28,14,90,323.28,78.22,29.52
2,1740680,2021-08,2021Q3,West,944.64,32,243,701.64,74.28,29.52
2,1740680,2021-09,2021Q3,North,472.32,16,96,376.32,79.67,29.52
2,1740680,2021-09,2021Q3,South,944.64,32,240,704.64,74.59,29.52
2,1740680,2021-09,2021Q3,West,472.32,16,127,345.32,73.11,29.52
2,1740680,2021-10,2021Q4,East,472.32,16,127,345.32,73.11,29.52
2,1740680,2021-10,2021Q4,North,472.32,16,153,319.32,67.61,29.52
2,1740680,2021-10,2021Q4,South,3483.3599999999997,118,1067,2416.3599999999997,69.37,29.519999999999996
2,1740680,2021-11,2021Q4,North,1653.12,56,424,1229.12,74.35,29.52
2,1740680,2021-11,2021Q4,West,2479.68,84,565,1914.68,77.21,29.52
2,1740680,2022-02,2022Q1,East,861.84,28,232,629.84,73.08,30.78
2,1740680,2022-02,2022Q1,North,1139.4,38,285,854.4000000000002,74.99,29.984210526315792
2,1740680,2022-02,2022Q1,West,861.84,28,226,635.84,73.78,30.78
2,1740680,2022-03,2022Q1,East,1292.76,42,446,846.76,65.5,30.78
2,1740680,2022-04,2022Q2,East,307.8,10,88,219.8,71.41,30.78
2,1740680,2022-04,2022Q2,North,307.8,10,73,234.8,76.28,30.78
2,1740680,2022-04,2022Q2,West,4309.2,140,1154,3155.2,73.22,30.779999999999998
2,1740680,2022-05,2022Q2,East,492.48,16,135,357.48,72.59,30.78
2,1740680,2022-06,2022Q2,North,554.04,18,172,382.04,68.96,30.779999999999998
2,1740680,2022-06,2022Q2,South,1477.44,48,396,1081.44,73.2,30.78
2,1740680,2022-06,2022Q2,West,1477.44,48,366,1111.44,75.23,30.78
2,1740680,2022-07,2022Q3,East,1108.08,36,343,765.0799999999998,69.05,30.779999999999998
2,1740680,2022-07,2022Q3,North,1846.8000000000002,60,491,1355.8000000000002,73.41,30.780000000000005
2,1740680,2022-07,2022Q3,South,554.04,18,113,441.04,79.6,30.779999999999998
2,1740680,2022-07,2022Q3,West,554.04,18,120,434.04,78.34,30.779999999999998
2,1740760,2021-03,2021Q1,North,252.8,8,82,170.8,67.56,31.6
2,1740760,2021-04,2021Q2,North,316.0,10,106,210.0,66.46,31.6
2,1740760,2021-04,2021Q2,West,948.0,30,247,701.0,73.95,31.6
2,1740760,2021-05,2021Q2,North,632.0,20,156,476.0,75.32,31.6
2,1740760,2021-05,2021Q2,West,632.0,20,191,441.0,69.78,31.6
2,1740760,2021-06,2021Q2,East,262.4,8,72,190.4,72.56,32.8
2,1740760,2021-06,2021Q2,North,262.4,8,75,187.4,71.42,32.8
2,1740760,2021-07,2021Q3,North,459.2,14,95,364.2,79.31,32.8
2,1740760,2021-07,2021Q3,South,656.0,20,192,464.0,70.73,32.8
2,1740760,2021-08,2021Q3,North,524.8,16,148,376.79999999999995,71.8,32.8
2,1740760,2021-08,2021Q3,South,262.4,8,53,209.4,79.8,32.8
2,1740760,2021-09,2021Q3,North,262.4,8,75,187.4,71.42,32.8
2,1740760,2021-09,2021Q3,West,262.4,8,66,196.4,74.85,32.8
2,1740760,2021-10,2021Q4,North,787.1999999999999,24,223,564.1999999999999,71.67,32.8
2,1740760,2021-10,2021Q4,West,262.4,8,61,201.4,76.75,32.8
2,1740760,2022-02,2022Q1,North,590.4,18,133,457.4,77.47,32.8
2,1740760,2022-02,2022Q1,South,547.2,16,173,374.2,68.38,34.2
2,1740760,2022-03,2022Q1,East,273.6,8,80,193.6,70.76,34.2
2,1740760,2022-03,2022Q1,North,273.6,8,73,200.6,73.32,34.2
2,1740760,2022-04,2022Q2,East,273.6,8,78,195.6,71.49,34.2
2,1740760,2022-04,2022Q2,North,684.0,20,210,474.0,69.3,34.2
2,1740760,2022-05,2022Q2,East,273.6,8,66,207.6,75.88,34.2
2,1740760,2022-05,2022Q2,South,273.6,8,64,209.6,76.61,34.2
2,1740760,2022-06,2022Q2,East,273.6,8,79,194.6,71.13,34.2
2,1740760,2022-06,2022Q2,North,889.2,26,223,666.2,74.92,34.2
2,1740760,2022-07,2022Q3,East,273.6,8,59,214.6,78.44,34.2
2,1740760,2022-07,2022Q3,West,615.6,18,155,460.6,74.82,34.2
2,1740920,2021-01,2021Q1,North,3185.28,84,745,2440.28,76.61,37.92
2,1740920,2021-02,2021Q1,South,6370.56,168,1863,4507.56,70.76,37.92
2,1740920,2021-02,2021Q1,West,15926.400000000001,420,4432,11494.400000000001,72.17,37.92
2,1740920,2021-03,2021Q1,North,6370.56,168,2145,4225.56,66.33,37.92
2,1740920,2021-03,2021Q1,South,1516.8,40,366,1150.8,75.87,37.92
2,1740920,2021-03,2021Q1,West,3185.28,84,877,2308.28,72.47,37.92
2,1740920,2021-04,2021Q2,East,15926.400000000001,420,4306,11620.400000000001,72.96,37.92
2,1740920,2021-04,2021Q2,South,6370.56,168,1971,4399.56,69.06,37.92
2,1740920,2021-05,2021Q2,East,3185.28,84,896,2289.28,71.87,37.92
2,1740920,2021-05,2021Q2,North,6370.56,168,1310,5060.56,79.44,37.92
2,1740920,2021-05,2021Q2,South,9707.52,256,3027,6680.52,68.82,37.92
2,1740920,2021-06,2021Q2,East,7320.959999999999,186,1983,5337.959999999999,72.91,39.35999999999999
2,1740920,2021-06,2021Q2,North,3306.24,84,706,2600.24,78.65,39.36
2,1740920,2021-06,2021Q2,South,19716.48,504,4553,15163.48,76.91,39.12
2,1740920,2021-07,2021Q3,East,6612.48,168,1730,4882.48,73.84,39.36
2,1740920,2021-07,2021Q3,North,4487.04,114,1389,3098.04,69.04,39.36
2,1740920,2021-07,2021Q3,South,3306.24,84,739,2567.24,77.65,39.36
2,1740920,2021-07,2021Q3,West,3306.24,84,1129,2177.24,65.85,39.36
2,1740920,2021-08,2021Q3,East,3306.24,84,677,2629.24,79.52,39.36
2,1740920,2021-08,2021Q3,North,7793.28,198,2124,5669.28,72.75,39.36
2,1740920,2021-08,2021Q3,South,14484.48,368,3855,10629.48,73.39,39.36
2,1740920,2021-09,2021Q3,North,1259.52,32,366,893.52,70.94,39.36
2,1740920,2021-09,2021Q3,West,9918.72,252,2297,7621.719999999999,76.84,39.36
2,1740920,2021-10,2021Q4,East,6612.48,168,1833,4779.48,72.28,39.36
2,1740920,2021-10,2021Q4,North,6612.48,168,2114,4498.48,68.03,39.36
2,1740920,2021-10,2021Q4,South,1338.24,34,443,895.24,66.9,39.36
2,1740920,2021-10,2021Q4,West,9918.72,252,2334,7584.719999999999,76.47,39.36
2,1740920,2021-11,2021Q4,North,3306.24,84,1112,2194.24,66.37,39.36
2,1740920,2021-11,2021Q4,South,4644.48,118,1268,3376.48,72.7,39.36
2,1740920,2021-11,2021Q4,West,2676.48,68,636,2040.48,76.24,39.36
2,1740920,2021-12,2021Q4,East,3306.24,84,986,2320.24,70.18,39.36
2,1740920,2021-12,2021Q4,South,6612.48,168,2150,4462.48,67.49,39.36
2,1740920,2022-01,2022Q1,North,15035.52,382,4338,10697.52,71.15,39.36
2,1740920,2022-01,2022Q1,West,1102.08,28,235,867.0799999999998,78.68,39.36
2,1740920,2022-03,2022Q1,East,4432.32,108,1406,3026.32,68.28,41.04
2,1740920,2022-03,2022Q1,South,6894.72,168,1537,5357.72,77.71,41.04
2,1740920,2022-03,2022Q1,West,10424.16,254,2150,8274.16,79.37,41.04
2,1740920,2022-04,2022Q2,North,13789.44,336,3264,10525.44,76.33,41.04
2,1740920,2022-04,2022Q2,South,10342.08,252,2378,7964.08,77.01,41.04
2,1740920,2022-05,2022Q2,North,6894.72,168,1581,5313.72,77.07,41.04
2,1740920,2022-05,2022Q2,South,13789.44,336,3647,10142.44,73.55,41.04
2,1740920,2022-05,2022Q2,West,492.48,12,107,385.48,78.27,41.04
2,1740920,2022-06,2022Q2,East,6894.72,168,1656,5238.72,75.98,41.04
2,1740920,2022-06,2022Q2,North,6894.72,168,1568,5326.72,77.26,41.04
2,1740920,2022-06,2022Q2,South,6894.72,168,1429,5465.72,79.27,41.04
2,1740920,2022-07,2022Q3,East,8618.4,210,2850,5768.400000000001,66.93,41.04
2,1740920,2022-07,2022Q3,North,6894.72,168,1532,5362.72,77.78,41.04
2,1740920,2022-07,2022Q3,South,3447.36,84,800,2647.36,76.79,41.04
2,1740920,2022-07,2022Q3,West,6894.72,168,2118,4776.72,69.28,41.04
2,1741160,2021-01,2021Q1,East,948.0,20,256,692.0,73.0,47.4
2,1741160,2021-01,2021Q1,North,474.0,10,152,322.0,67.93,47.4
2,1741160,2021-02,2021Q1,East,5972.4,126,1813,4159.4,69.64,47.4
2,1741160,2021-02,2021Q1,North,1990.8,42,546,1444.8,72.57,47.4
2,1741160,2021-02,2021Q1,South,948.0,20,296,652.0,68.78,47.4
2,1741160,2021-03,2021Q1,East,4171.2,88,1042,3129.2,75.02,47.4
2,1741160,2021-03,2021Q1,South,1990.8,42,514,1476.8,74.18,47.4
2,1741160,2021-03,2021Q1,West,1990.8,42,416,1574.8,79.1,47.4
2,1741160,2021-04,2021Q2,North,7963.2,168,1975,5988.2,75.2,47.4
2,1741160,2021-04,2021Q2,South,1990.8,42,694,1296.8,65.14,47.4
2,1741160,2021-05,2021Q2,East,3981.6,84,973,3008.6,75.56,47.4
2,1741160,2021-05,2021Q2,North,2464.8,52,582,1882.8,76.39,47.400000000000006
2,1741160,2021-05,2021Q2,South,3981.6,84,1266,2715.6,68.2,47.4
2,1741160,2021-06,2021Q2,East,2066.4,42,528,1538.4,74.45,49.2
2,1741160,2021-06,2021Q2,South,5608.8,114,1376,4232.8,75.47,49.2
2,1741160,2021-06,2021Q2,West,6123.6,126,1995,4128.6,67.42,48.6
2,1741160,2021-07,2021Q3,East,8265.6,168,1972,6293.6,76.14,49.2
2,1741160,2021-07,2021Q3,South,3050.4,62,965,2085.4,68.36,49.2
2,1741160,2021-08,2021Q3,East,1869.6,38,557,1312.6,70.21,49.199999999999996
2,1741160,2021-08,2021Q3,North,3345.6,68,763,2582.6,77.19,49.199999999999996
2,1741160,2021-08,2021Q3,South,5904.0,120,1821,4083.0,69.16,49.2
2,1741160,2021-08,2021Q3,West,885.6,18,257,628.6,70.98,49.2
2,1741160,2021-09,2021Q3,East,2066.4,42,648,1418.4,68.64,49.2
2,1741160,2021-09,2021Q3,South,3788.4,77,1071,2717.4,71.73,49.2
2,1741160,2021-10,2021Q4,East,2066.4,42,468,1598.4,77.35,49.2
2,1741160,2021-10,2021Q4,South,4132.8,84,1344,2788.8,67.48,49.2
2,1741160,2021-10,2021Q4,West,4132.8,84,1224,2908.8,70.38,49.2
2,1741160,2021-11,2021Q4,South,984.0,20,341,643.0,65.35,49.2
2,1741160,2021-11,2021Q4,West,7675.200000000001,156,1844,5831.200000000001,75.97,49.2
2,1741160,2021-12,2021Q4,West,4132.8,84,1192,2940.8,71.16,49.2
2,1741160,2022-01,2022Q1,East,1574.4,32,407,1167.4,74.15,49.2
2,1741160,2022-01,2022Q1,South,3936.0,80,1079,2857.0,72.59,49.2
2,1741160,2022-01,2022Q1,West,295.2,6,65,230.2,77.98,49.199999999999996
2,1741160,2022-02,2022Q1,East,3502.7999999999997,70,790,2712.7999999999997,77.45,50.04
2,1741160,2022-02,2022Q1,North,820.8,16,248,572.8,69.79,51.3
2,1741160,2022-02,2022Q1,West,2667.6,52,832,1835.6,68.81,51.3
2,1741160,2022-03,2022Q1,East,5335.2,104,1687,3648.2,68.38,51.3
2,1741160,2022-03,2022Q1,South,3078.0,60,957,2121.0,68.91,51.3
2,1741160,2022-03,2022Q1,West,1026.0,20,248,778.0,75.83,51.3
2,1741160,2022-04,2022Q2,East,6463.799999999999,126,1755,4708.799999999999,72.85,51.3
2,1741160,2022-04,2022Q2,South,1026.0,20,217,809.0,78.85,51.3
2,1741160,2022-04,2022Q2,West,2154.6,42,653,1501.6,69.69,51.3
2,1741160,2022-05,2022Q2,East,5335.2,104,1648,3687.2,69.11,51.3
2,1741160,2022-05,2022Q2,North,1539.0,30,331,1208.0,78.49,51.3
2,1741160,2022-05,2022Q2,West,1026.0,20,317,709.0,69.1,51.3
2,1741160,2022-06,2022Q2,East,4001.4,78,1299,2702.4,67.54,51.300000000000004
2,1741160,2022-06,2022Q2,North,2257.2,44,608,1649.1999999999996,73.06,51.3
2,1741160,2022-06,2022Q2,West,2565.0,50,775,1790.0,69.79,51.3
2,1741160,2022-07,2022Q3,East,1231.2,24,269,962.2,78.15,51.300000000000004
2,1741160,2022-07,2022Q3,North,5232.6,102,1313,3919.6,74.91,51.300000000000004
2,1741160,2022-07,2022Q3,South,2154.6,42,563,1591.6,73.87,51.3
2,1741160,2022-07,2022Q3,West,3078.0,60,860,2218.0,72.06,51.3
2,1741400,2021-02,2021Q1,East,341.28,6,109,232.28,68.06,56.879999999999995
2,1741400,2021-02,2021Q1,South,284.4,5,84,200.4,70.46,56.879999999999995
2,1741400,2021-02,2021Q1,West,227.52,4,46,181.52,79.78,56.88
2,1741400,2021-03,2021Q1,South,227.52,4,75,152.52,67.04,56.88
2,1741400,2021-04,2021Q2,North,170.64,3,55,115.64,67.77,56.879999999999995
2,1741400,2021-04,2021Q2,West,398.16,7,112,286.16,71.87,56.88
2,1741400,2021-05,2021Q2,East,284.4,5,81,203.4,71.52,56.879999999999995
2,1741400,2021-05,2021Q2,North,796.3199999999999,14,270,526.32,66.09,56.879999999999995
2,1741400,2021-05,2021Q2,West,227.52,4,75,152.52,67.04,56.88
2,1741400,2021-06,2021Q2,East,341.28,6,88,253.28,74.21,56.879999999999995
2,1741400,2021-06,2021Q2,North,472.32,8,147,325.32,68.88,59.04
2,1741400,2021-06,2021Q2,West,472.32,8,106,366.32,77.56,59.04
2,1741400,2021-07,2021Q3,North,354.24,6,91,263.24,74.31,59.04
2,1741400,2021-07,2021Q3,South,236.16,4,81,155.16,65.7,59.04
2,1741400,2021-08,2021Q3,East,472.32,8,102,370.32,78.4,59.04
2,1741400,2021-08,2021Q3,North,472.32,8,135,337.32,71.42,59.04
2,1741400,2021-08,2021Q3,South,708.48,12,231,477.48,67.39,59.04
2,1741400,2021-09,2021Q3,North,472.32,8,131,341.32,72.26,59.04
2,1741400,2021-10,2021Q4,East,236.16,4,76,160.16,67.82,59.04
2,1741400,2021-10,2021Q4,South,236.16,4,80,156.16,66.12,59.04
2,1741400,2021-11,2021Q4,East,354.24,6,95,259.24,73.18,59.04
2,1741400,2021-12,2021Q4,North,177.12,3,36,141.12,79.67,59.04
2,1741400,2021-12,2021Q4,West,590.4,10,131,459.4,77.81,59.04
2,1741400,2022-01,2022Q1,North,944.64,16,233,711.64,75.33,59.04
2,1741400,2022-02,2022Q1,North,123.12,2,39,84.12,68.32,61.56
2,1741400,2022-03,2022Q1,East,246.24,4,66,180.24,73.2,61.56
2,1741400,2022-03,2022Q1,South,861.84,14,206,655.84,76.1,61.56
2,1741400,2022-04,2022Q2,North,738.72,12,198,540.72,73.2,61.56
2,1741400,2022-04,2022Q2,South,492.48,8,128,364.48,74.01,61.56
2,1741400,2022-05,2022Q2,North,369.36,6,87,282.36,76.45,61.56
2,1741400,2022-05,2022Q2,South,246.24,4,67,179.24,72.79,61.56
2,1741400,2022-06,2022Q2,East,369.36,6,122,247.36,66.97,61.56
2,1741400,2022-06,2022Q2,North,492.48,8,137,355.48,72.18,61.56
2,1741400,2022-06,2022Q2,South,492.48,8,141,351.48,71.37,61.56
2,1741400,2022-07,2022Q3,East,738.72,12,211,527.72,71.44,61.56
2,1741400,2022-07,2022Q3,South,615.6,10,183,432.6,70.27,61.56
2,1741880,2021-01,2021Q1,East,758.4,10,172,586.4,77.32,75.84
2,1741880,2021-01,2021Q1,South,1137.6,15,394,743.5999999999998,65.37,75.83999999999999
2,1741880,2021-02,2021Q1,East,303.36,4,100,203.36,67.04,75.84
2,1741880,2021-02,2021Q1,North,379.2,5,87,292.2,77.06,75.84
2,1741880,2021-02,2021Q1,West,758.4,10,186,572.4,75.47,75.84
2,1741880,2021-03,2021Q1,West,3185.28,42,879,2306.28,72.4,75.84
2,1741880,2021-04,2021Q2,North,1516.8,20,350,1166.8,76.93,75.84
2,1741880,2021-04,2021Q2,West,455.04,6,145,310.04,68.13,75.84
2,1741880,2021-05,2021Q2,East,758.4,10,249,509.4,67.17,75.84
2,1741880,2021-05,2021Q2,North,910.08,12,208,702.08,77.14,75.84
2,1741880,2021-05,2021Q2,South,758.4,10,183,575.4,75.87,75.84
2,1741880,2021-06,2021Q2,East,787.2,10,230,557.2,70.78,78.72
2,1741880,2021-06,2021Q2,South,2490.24,32,628,1862.24,74.78,77.82
2,1741880,2021-06,2021Q2,West,472.32,6,160,312.32,66.12,78.72
2,1741880,2021-07,2021Q3,East,472.32,6,138,334.32,70.78,78.72
2,1741880,2021-07,2021Q3,South,393.6,5,125,268.6,68.24,78.72
2,1741880,2021-07,2021Q3,West,1180.8000000000002,15,349,831.8000000000001,70.44,78.72000000000001
2,1741880,2021-08,2021Q3,East,2046.72,26,637,1409.72,68.88,78.72
2,1741880,2021-08,2021Q3,North,787.2,10,209,578.2,73.45,78.72
2,1741880,2021-08,2021Q3,South,472.32,6,100,372.32,78.83,78.72
2,1741880,2021-08,2021Q3,West,472.32,6,122,350.32,74.17,78.72
2,1741880,2021-09,2021Q3,North,472.32,6,144,328.32,69.51,78.72
2,1741880,2021-09,2021Q3,West,472.32,6,112,360.32,76.29,78.72
2,1741880,2021-10,2021Q4,East,472.32,6,127,345.32,73.11,78.72
2,1741880,2021-10,2021Q4,North,472.32,6,112,360.32,76.29,78.72
2,1741880,2021-10,2021Q4,West,944.64,12,223,721.64,76.39,78.72
2,1741880,2021-11,2021Q4,East,472.32,6,164,308.32,65.28,78.72
2,1741880,2021-11,2021Q4,North,944.64,12,295,649.64,68.77,78.72
2,1741880,2021-11,2021Q4,West,472.32,6,110,362.32,76.71,78.72
2,1741880,2021-12,2021Q4,North,1259.52,16,382,877.52,69.67,78.72
2,1741880,2022-02,2022Q1,North,328.32,4,78,250.32,76.24,82.08
2,1741880,2022-02,2022Q1,South,2462.3999999999996,30,684,1778.3999999999999,72.22,82.07999999999998
2,1741880,2022-03,2022Q1,North,1477.44,18,391,1086.44,73.54,82.08
2,1741880,2022-03,2022Q1,South,1395.3600000000001,17,427,968.36,69.4,82.08000000000001
2,1741880,2022-04,2022Q2,South,492.48,6,116,376.48,76.45,82.08
2,1741880,2022-04,2022Q2,West,3447.36,42,1044,2403.36,69.72,82.08
2,1741880,2022-05,2022Q2,North,492.48,6,134,358.48,72.79,82.08
2,1741880,2022-05,2022Q2,South,3447.36,42,972,2475.36,71.8,82.08
2,1741880,2022-06,2022Q2,East,3447.36,42,714,2733.36,79.29,82.08
2,1741880,2022-07,2022Q3,South,3447.36,42,907,2540.36,73.69,82.08
2,1741880,2022-07,2022Q3,West,164.16,2,42,122.16,74.42,82.08
2,1742122,2021-07,2021Q3,North,177.12,2,49,128.12,72.34,88.56
2,1742122,2021-10,2021Q4,South,177.12,2,56,121.12,68.38,88.56
2,1742122,2021-10,2021Q4,West,354.24,4,107,247.24,69.79,88.56
2,1742122,2021-11,2021Q4,North,2391.12,27,651,1740.12,72.77,88.56
2,1742122,2021-11,2021Q4,West,265.68,3,81,184.68,69.51,88.56
2,1742122,2021-12,2021Q4,South,88.56,1,19,69.56,78.55,88.56
2,1742122,2021-12,2021Q4,West,177.12,2,61,116.12,65.56,88.56
2,1742122,2022-01,2022Q1,South,88.56,1,22,66.56,75.16,88.56
2,1742122,2022-02,2022Q1,East,542.7,6,115,427.7000000000001,78.81,90.45
2,1742122,2022-03,2022Q1,East,738.72,8,209,529.72,71.71,92.34
2,1742122,2022-05,2022Q2,West,92.34,1,23,69.34,75.09,92.34
2,1742122,2022-07,2022Q3,South,184.68,2,47,137.68,74.55,92.34
2,1742362,2021-01,2021Q1,South,189.6,2,43,146.6,77.32,94.8
2,1742362,2021-10,2021Q4,North,196.8,2,51,145.8,74.09,98.4
2,1742362,2021-11,2021Q4,North,196.8,2,59,137.8,70.02,98.4
2,1746540,2021-02,2021Q1,South,198.8,40,61,137.8,69.32,4.970000000000001
2,1746580,2021-01,2021Q1,East,86.16,12,22,64.16,74.47,7.18
2,1746580,2021-06,2021Q2,North,86.16,12,22,64.16,74.47,7.18
2,1746620,2021-01,2021Q1,West,112.68,12,35,77.68,68.94,9.39
2,1746710,2021-01,2021Q1,West,114.96,8,25,89.96,78.25,14.37
2,1746710,2022-05,2022Q2,East,114.96,8,30,84.96,73.9,14.37
2,1746790,2021-07,2021Q3,North,75.16,4,15,60.16,80.04,18.79
2,1746790,2021-07,2021Q3,South,75.16,4,22,53.16,70.73,18.79
2,1746790,2021-08,2021Q3,East,75.16,4,19,56.16,74.72,18.79
2,1746790,2021-12,2021Q4,North,75.16,4,25,50.16,66.74,18.79
2,1746790,2022-06,2022Q2,North,75.16,4,19,56.16,74.72,18.79
2,1746930,2021-01,2021Q1,East,106.08,4,31,75.08,70.78,26.52
2,1746930,2021-10,2021Q4,North,106.08,4,28,78.08,73.6,26.52
2,1746930,2021-10,2021Q4,South,212.16,8,74,138.16,65.12,26.52
2,1746930,2022-03,2022Q1,North,106.08,4,24,82.08,77.38,26.52
2,1747010,2021-01,2021Q1,East,123.76,4,27,96.76,78.18,30.94
2,1747010,2021-02,2021Q1,North,247.52,8,66,181.52,73.34,30.94
2,1747010,2021-06,2021Q2,North,247.52,8,73,174.52,70.51,30.94
2,1747010,2021-07,2021Q3,North,123.76,4,35,88.76,71.72,30.94
2,1747010,2021-11,2021Q4,South,123.76,4,26,97.76,78.99,30.94
2,1747010,2022-02,2022Q1,North,123.76,4,38,85.76,69.3,30.94
2,1747010,2022-05,2022Q2,West,123.76,4,31,92.76,74.95,30.94
2,1747090,2021-03,2021Q1,East,141.44,4,40,101.44,71.72,35.36
2,1747090,2021-07,2021Q3,East,141.44,4,46,95.44,67.48,35.36
2,1747090,2021-11,2021Q4,South,141.44,4,32,109.44,77.38,35.36
2,1747170,2021-05,2021Q2,East,79.56,2,18,61.56,77.38,39.78
2,1747170,2021-06,2021Q2,South,79.56,2,18,61.56,77.38,39.78
2,1747170,2021-06,2021Q2,West,159.12,4,40,119.12,74.86,39.78
2,1747170,2021-07,2021Q3,North,79.56,2,22,57.56,72.35,39.78
2,1747170,2021-07,2021Q3,West,79.56,2,22,57.56,72.35,39.78
2,1747170,2021-08,2021Q3,North,79.56,2,27,52.56,66.06,39.78
2,1747170,2021-10,2021Q4,West,79.56,2,21,58.56,73.6,39.78
2,1747170,2021-11,2021Q4,East,79.56,2,22,57.56,72.35,39.78
2,1747170,2022-07,2022Q3,North,79.56,2,19,60.56,76.12,39.78
2,1747170,2022-07,2022Q3,West,79.56,2,20,59.56,74.86,39.78
2,1747410,2021-02,2021Q1,East,318.24,6,107,211.24,66.38,53.04
2,1747410,2021-02,2021Q1,North,318.24,6,95,223.24,70.15,53.04
2,1747410,2021-03,2021Q1,North,318.24,6,90,228.24,71.72,53.04
2,1747410,2021-04,2021Q2,East,212.16,4,42,170.16,80.2,53.04
2,1747410,2021-05,2021Q2,East,530.4,10,135,395.4,74.55,53.04
2,1747410,2021-05,2021Q2,North,106.08,2,26,80.08,75.49,53.04
2,1747410,2021-05,2021Q2,South,424.32,8,142,282.32,66.53,53.04
2,1747410,2021-06,2021Q2,North,424.32,8,139,285.32,67.24,53.04
2,1747410,2021-06,2021Q2,South,424.32,8,138,286.32,67.48,53.04
2,1747410,2021-06,2021Q2,West,530.4,10,136,394.4,74.36,53.04
2,1747410,2021-07,2021Q3,East,318.24,6,69,249.24,78.32,53.04
2,1747410,2021-07,2021Q3,North,636.48,12,155,481.48,75.65,53.04
2,1747410,2021-08,2021Q3,East,212.16,4,50,162.16,76.43,53.04
2,1747410,2021-08,2021Q3,North,318.24,6,75,243.24,76.43,53.04
2,1747410,2021-08,2021Q3,South,424.32,8,94,330.32,77.85,53.04
2,1747410,2021-11,2021Q4,East,424.32,8,86,338.32,79.73,53.04
2,1747410,2021-11,2021Q4,South,212.16,4,70,142.16,67.01,53.04
2,1747410,2021-12,2021Q4,West,212.16,4,68,144.16,67.95,53.04
2,1747410,2022-04,2022Q2,East,318.24,6,97,221.24,69.52,53.04
2,1747410,2022-06,2022Q2,South,318.24,6,104,214.24,67.32,53.04
2,1747410,2022-06,2022Q2,West,318.24,6,100,218.24,68.58,53.04
2,1747410,2022-07,2022Q3,North,318.24,6,74,244.24,76.75,53.04
2,1747410,2022-07,2022Q3,South,318.24,6,79,239.24,75.18,53.04
2,1747650,2021-01,2021Q1,South,530.4,8,143,387.4,73.04,66.3
2,1747650,2021-03,2021Q1,South,132.6,2,40,92.6,69.83,66.3
2,1747650,2021-03,2021Q1,West,132.6,2,43,89.6,67.57,66.3
2,1747650,2021-04,2021Q2,East,132.6,2,30,102.6,77.38,66.3
2,1747650,2021-04,2021Q2,West,397.8,6,88,309.8,77.88,66.3
2,1747650,2021-05,2021Q2,South,132.6,2,29,103.6,78.13,66.3
2,1747650,2021-06,2021Q2,East,397.8,6,97,300.8,75.62,66.3
2,1747650,2021-06,2021Q2,North,265.2,4,73,192.2,72.47,66.3
2,1747650,2021-08,2021Q3,East,265.2,4,57,208.2,78.51,66.3
2,1747650,2021-08,2021Q3,South,132.6,2,41,91.6,69.08,66.3
2,1747650,2021-10,2021Q4,North,198.9,3,44,154.9,77.88,66.3
2,1747650,2021-11,2021Q4,South,132.6,2,43,89.6,67.57,66.3
2,1747650,2021-11,2021Q4,West,265.2,4,81,184.2,69.46,66.3
2,1747650,2022-01,2022Q1,South,132.6,2,44,88.6,66.82,66.3
2,1747650,2022-03,2022Q1,East,397.8,6,91,306.8,77.12,66.3
2,1747650,2022-03,2022Q1,South,132.6,2,32,100.6,75.87,66.3
2,1747650,2022-06,2022Q2,South,530.4,8,167,363.4,68.51,66.3
2,1747650,2022-07,2022Q3,North,132.6,2,29,103.6,78.13,66.3
2,1747650,2022-07,2022Q3,South,265.2,4,64,201.2,75.87,66.3
2,1748370,2022-01,2022Q1,West,106.08,1,27,79.08,74.55,106.08
2,1748370,2022-06,2022Q2,East,1060.8,10,325,735.8,69.36,106.08
2,1748370,2022-06,2022Q2,South,106.08,1,31,75.08,70.78,106.08
2,1748370,2022-06,2022Q2,West,424.32,4,135,289.32,68.18,106.08
2,1750298,2021-09,2021Q3,South,73.8,36,23,50.8,68.83,2.05
2,1750298,2022-04,2022Q2,North,77.04,36,17,60.040000000000006,77.93,2.14
2,1750338,2021-01,2021Q1,South,142.4,40,41,101.4,71.21,3.56
2,1750338,2021-02,2021Q1,West,71.2,20,24,47.2,66.29,3.56
2,1750338,2021-04,2021Q2,South,71.2,20,21,50.2,70.51,3.56
2,1750338,2021-06,2021Q2,West,73.8,20,17,56.8,76.96,3.69
2,1750338,2021-08,2021Q3,West,73.8,20,19,54.8,74.25,3.69
2,1750338,2021-11,2021Q4,East,73.8,20,15,58.8,79.67,3.69
2,1750338,2021-12,2021Q4,South,73.8,20,15,58.8,79.67,3.69
2,1750338,2022-06,2022Q2,South,77.0,20,24,53.0,68.83,3.85
2,1750378,2021-01,2021Q1,North,61.68,12,19,42.68,69.2,5.14
2,1750378,2021-03,2021Q1,West,61.68,12,19,42.68,69.2,5.14
2,1750378,2021-04,2021Q2,South,61.68,12,12,49.68,80.54,5.14
2,1750378,2021-06,2021Q2,East,63.96,12,20,43.96,68.73,5.33
2,1750378,2021-06,2021Q2,South,127.92,24,41,86.92,67.95,5.33
2,1750378,2021-08,2021Q3,North,63.96,12,17,46.96,73.42,5.33
2,1750378,2021-09,2021Q3,West,63.96,12,14,49.96,78.11,5.33
2,1750378,2021-11,2021Q4,West,63.96,12,22,41.96,65.6,5.33
2,1750378,2022-04,2022Q2,North,66.72,12,20,46.72,70.02,5.56
2,1750378,2022-06,2022Q2,South,66.72,12,16,50.72,76.02,5.56
2,1750378,2022-07,2022Q3,East,66.72,12,19,47.72,71.52,5.56
2,1750418,2021-05,2021Q2,North,80.64,12,27,53.64,66.52,6.72
2,1750418,2021-06,2021Q2,West,83.64,12,26,57.64,68.91,6.97
2,1750418,2021-07,2021Q3,South,83.64,12,17,66.64,79.67,6.97
2,1750418,2021-08,2021Q3,North,83.64,12,26,57.64,68.91,6.97
2,1750418,2021-10,2021Q4,East,83.64,12,17,66.64,79.67,6.97
2,1750418,2022-01,2022Q1,West,83.64,12,26,57.64,68.91,6.97
2,1750418,2022-02,2022Q1,North,87.24,12,27,60.24,69.05,7.27
2,1750418,2022-03,2022Q1,East,87.24,12,28,59.24,67.9,7.27
2,1750418,2022-04,2022Q2,North,87.24,12,30,57.24,65.61,7.27
2,1750418,2022-06,2022Q2,West,87.24,12,18,69.24,79.37,7.27
2,1750458,2021-06,2021Q2,North,68.88,8,18,50.88,73.87,8.61
2,1750458,2021-08,2021Q3,West,68.88,8,18,50.88,73.87,8.61
2,1750458,2021-11,2021Q4,East,68.88,8,23,45.88,66.61,8.61
2,1750458,2022-04,2022Q2,East,71.84,8,17,54.84,76.34,8.98
2,1750458,2022-05,2022Q2,East,71.84,8,21,50.84,70.77,8.98
2,1750688,2021-02,2021Q1,East,164.32,16,50,114.32,69.57,10.27
2,1750688,2021-02,2021Q1,North,164.32,16,36,128.32,78.09,10.27
2,1750688,2021-06,2021Q2,West,170.56,16,56,114.56,67.17,10.66
2,1750688,2021-07,2021Q3,West,85.28,8,23,62.28,73.03,10.66
2,1750688,2021-08,2021Q3,East,170.56,16,54,116.56,68.34,10.66
2,1750688,2021-08,2021Q3,South,85.28,8,27,58.28,68.34,10.66
2,1750688,2021-08,2021Q3,West,85.28,8,17,68.28,80.07,10.66
2,1750688,2021-10,2021Q4,South,170.56,16,41,129.56,75.96,10.66
2,1750688,2022-01,2022Q1,North,85.28,8,21,64.28,75.38,10.66
2,1750688,2022-01,2022Q1,South,85.28,8,18,67.28,78.89,10.66
2,1750688,2022-01,2022Q1,West,170.56,16,43,127.56,74.79,10.66
2,1750688,2022-03,2022Q1,North,88.96,8,22,66.96,75.27,11.12
2,1750688,2022-04,2022Q2,East,177.92,16,59,118.92,66.84,11.12
2,1750688,2022-05,2022Q2,South,88.96,8,27,61.96,69.65,11.12
2,1750688,2022-06,2022Q2,East,177.92,16,52,125.92,70.77,11.12
2,1750688,2022-06,2022Q2,South,88.96,8,20,68.96,77.52,11.12
2,1750688,2022-07,2022Q3,West,177.92,16,51,126.92,71.34,11.12
2,1750723,2021-01,2021Q1,West,53.72,4,13,40.72,75.8,13.43
2,1750723,2021-02,2021Q1,South,161.16,12,40,121.16,75.18,13.43
2,1750723,2021-04,2021Q2,North,53.72,4,16,37.72,70.22,13.43
2,1750723,2021-05,2021Q2,North,214.88,16,66,148.88,69.29,13.43
2,1750723,2021-06,2021Q2,East,111.52,8,38,73.52,65.93,13.94
2,1750723,2021-07,2021Q3,West,167.28,12,52,115.28,68.91,13.94
2,1750723,2021-08,2021Q3,West,55.76,4,14,41.76,74.89,13.94
2,1750723,2021-09,2021Q3,East,111.52,8,31,80.52,72.2,13.94
2,1750723,2021-09,2021Q3,West,55.76,4,13,42.76,76.69,13.94
2,1750723,2021-11,2021Q4,East,55.76,4,14,41.76,74.89,13.94
2,1750723,2021-11,2021Q4,South,55.76,4,12,43.76,78.48,13.94
2,1750723,2022-01,2022Q1,South,111.52,8,36,75.52,67.72,13.94
2,1750723,2022-02,2022Q1,North,116.32,8,31,85.32,73.35,14.54
2,1750723,2022-04,2022Q2,South,116.32,8,37,79.32,68.19,14.54
2,1750723,2022-05,2022Q2,North,174.48,12,38,136.48,78.22,14.54
2,1750723,2022-06,2022Q2,West,116.32,8,32,84.32,72.49,14.54
2,1750723,2022-07,2022Q3,West,232.64,16,61,171.64,73.78,14.54
2,1750758,2021-01,2021Q1,West,132.72,8,30,102.72,77.4,16.59
2,1750758,2021-02,2021Q1,South,132.72,8,40,92.72,69.86,16.59
2,1750758,2021-03,2021Q1,West,66.36,4,16,50.36,75.89,16.59
2,1750758,2021-05,2021Q2,South,199.07999999999998,12,63,136.07999999999998,68.35,16.59
2,1750758,2021-05,2021Q2,West,66.36,4,19,47.36,71.37,16.59
2,1750758,2021-06,2021Q2,South,66.36,4,20,46.36,69.86,16.59
2,1750758,2021-06,2021Q2,West,137.76,8,32,105.76,76.77,17.22
2,1750758,2021-08,2021Q3,East,137.76,8,27,110.76,80.4,17.22
2,1750758,2021-08,2021Q3,North,137.76,8,46,91.76,66.61,17.22
2,1750758,2021-09,2021Q3,East,137.76,8,30,107.76,78.22,17.22
2,1750758,2021-10,2021Q4,East,137.76,8,30,107.76,78.22,17.22
2,1750758,2021-10,2021Q4,North,137.76,8,37,100.76,73.14,17.22
2,1750758,2021-11,2021Q4,South,68.88,4,16,52.88,76.77,17.22
2,1750758,2022-01,2022Q1,East,137.76,8,47,90.76,65.88,17.22
2,1750758,2022-03,2022Q1,West,143.68,8,32,111.68,77.73,17.96
2,1750758,2022-04,2022Q2,North,215.52,12,59,156.52,72.62,17.96
2,1750758,2022-06,2022Q2,East,143.68,8,29,114.68,79.82,17.96
2,1750758,2022-07,2022Q3,North,143.68,8,31,112.68,78.42,17.96
2,1750790,2021-01,2021Q1,North,303.36,16,75,228.36,75.28,18.96
2,1750790,2021-01,2021Q1,South,75.84,4,24,51.84,68.35,18.96
2,1750790,2021-02,2021Q1,East,151.68,8,32,119.68,78.9,18.96
2,1750790,2021-02,2021Q1,South,303.36,16,77,226.36,74.62,18.96
2,1750790,2021-05,2021Q2,West,227.52,12,70,157.52,69.23,18.96
2,1750790,2021-07,2021Q3,South,236.16,12,62,174.16,73.75,19.68
2,1750790,2021-08,2021Q3,East,314.88,16,85,229.88,73.01,19.68
2,1750790,2021-08,2021Q3,West,236.16,12,55,181.16,76.71,19.68
2,1750790,2021-10,2021Q4,South,236.16,12,72,164.16,69.51,19.68
2,1750790,2021-11,2021Q4,East,157.44,8,53,104.44,66.34,19.68
2,1750790,2021-11,2021Q4,North,236.16,12,67,169.16,71.63,19.68
2,1750790,2021-11,2021Q4,South,157.44,8,50,107.44,68.24,19.68
2,1750790,2021-12,2021Q4,East,157.44,8,52,105.44,66.97,19.68
2,1750790,2022-02,2022Q1,East,164.16,8,37,127.16,77.46,20.52
2,1750790,2022-03,2022Q1,North,82.08,4,25,57.08,69.54,20.52
2,1750790,2022-04,2022Q2,North,246.24,12,63,183.24,74.42,20.52
2,1750790,2022-05,2022Q2,East,328.32,16,67,261.32,79.59,20.52
2,1750790,2022-05,2022Q2,West,246.24,12,77,169.24,68.73,20.52
2,1750790,2022-06,2022Q2,East,164.16,8,48,116.16,70.76,20.52
2,1750808,2021-01,2021Q1,West,707.8399999999999,32,177,530.8399999999999,74.99,22.119999999999997
2,1750808,2021-02,2021Q1,East,265.44,12,73,192.44,72.5,22.12
2,1750808,2021-02,2021Q1,South,176.96,8,52,124.96,70.61,22.12
2,1750808,2021-02,2021Q1,West,176.96,8,55,121.96,68.92,22.12
2,1750808,2021-04,2021Q2,East,2388.96,108,587,1801.96,75.43,22.12
2,1750808,2021-04,2021Q2,North,265.44,12,74,191.44,72.12,22.12
2,1750808,2021-06,2021Q2,East,1193.92,52,367,826.9200000000002,69.26,22.96
2,1750808,2021-07,2021Q3,South,826.56,36,224,602.56,72.9,22.959999999999997
2,1750808,2021-08,2021Q3,East,275.52,12,96,179.51999999999995,65.16,22.959999999999997
2,1750808,2021-08,2021Q3,South,734.72,32,205,529.72,72.1,22.96
2,1750808,2021-09,2021Q3,North,1285.76,56,295,990.76,77.06,22.96
2,1750808,2021-10,2021Q4,North,642.88,28,179,463.88,72.16,22.96
2,1750808,2021-10,2021Q4,South,367.36,16,73,294.36,80.13,22.96
2,1750808,2021-10,2021Q4,West,367.36,16,106,261.36,71.15,22.96
2,1750808,2021-11,2021Q4,North,367.36,16,74,293.36,79.86,22.96
2,1750808,2021-11,2021Q4,West,734.72,32,181,553.72,75.36,22.96
2,1750808,2021-12,2021Q4,East,1377.6,60,304,1073.6,77.93,22.959999999999997
2,1750808,2022-01,2022Q1,East,275.52,12,78,197.52,71.69,22.959999999999997
2,1750808,2022-02,2022Q1,North,287.28,12,79,208.28,72.5,23.939999999999998
2,1750808,2022-02,2022Q1,South,957.5999999999999,40,245,712.6,74.42,23.939999999999998
2,1750808,2022-03,2022Q1,North,478.8,20,156,322.8,67.42,23.94
2,1750808,2022-03,2022Q1,West,574.56,24,182,392.56,68.32,23.939999999999998
2,1750808,2022-04,2022Q2,North,1244.88,52,275,969.8800000000001,77.91,23.94
2,1750808,2022-04,2022Q2,South,287.28,12,71,216.28,75.29,23.939999999999998
2,1750808,2022-05,2022Q2,South,287.28,12,100,187.28,65.19,23.939999999999998
2,1750808,2022-06,2022Q2,South,1627.92,68,550,1077.92,66.21,23.94
2,1750808,2022-07,2022Q3,East,287.28,12,68,219.28,76.33,23.939999999999998
2,1750808,2022-07,2022Q3,North,1149.1200000000001,48,293,856.1200000000001,74.5,23.94
2,1750828,2021-02,2021Q1,East,101.12,4,33,68.12,67.37,25.28
2,1750828,2021-02,2021Q1,West,101.12,4,33,68.12,67.37,25.28
2,1750828,2021-03,2021Q1,West,101.12,4,25,76.12,75.28,25.28
2,1750828,2021-04,2021Q2,West,101.12,4,28,73.12,72.31,25.28
2,1750828,2021-05,2021Q2,South,202.15,8,54,148.15,73.29,25.26875
2,1750828,2021-06,2021Q2,East,303.36,12,81,222.36,73.3,25.28
2,1750828,2021-06,2021Q2,West,209.92,8,67,142.92,68.08,26.24
2,1750828,2021-07,2021Q3,West,209.92,8,43,166.92,79.52,26.24
2,1750828,2021-08,2021Q3,South,314.88,12,95,219.88,69.83,26.24
2,1750828,2021-08,2021Q3,West,104.96,4,23,81.96,78.09,26.24
2,1750828,2021-09,2021Q3,West,209.92,8,72,137.92,65.7,26.24
2,1750828,2021-11,2021Q4,South,104.96,4,26,78.96,75.23,26.24
2,1750828,2021-12,2021Q4,North,104.96,4,25,79.96,76.18,26.24
2,1750828,2021-12,2021Q4,West,104.96,4,28,76.96,73.32,26.24
2,1750828,2022-03,2022Q1,South,109.44,4,26,83.44,76.24,27.36
2,1750828,2022-04,2022Q2,East,109.44,4,25,84.44,77.16,27.36
2,1750828,2022-05,2022Q2,North,218.88,8,54,164.88,75.33,27.36
2,1750828,2022-07,2022Q3,South,218.88,8,44,174.88,79.9,27.36
2,1751080,2021-01,2021Q1,South,56.88,2,11,45.88,80.66,28.44
2,1751080,2021-03,2021Q1,East,56.88,2,11,45.88,80.66,28.44
2,1751080,2021-03,2021Q1,West,113.76,4,38,75.76,66.6,28.44
2,1751080,2021-04,2021Q2,East,113.76,4,27,86.76,76.27,28.44
2,1751080,2021-04,2021Q2,South,284.4,10,91,193.4,68.0,28.439999999999998
2,1751080,2021-05,2021Q2,East,113.76,4,35,78.76,69.23,28.44
2,1751080,2021-05,2021Q2,South,227.52,8,53,174.52,76.71,28.44
2,1751080,2021-07,2021Q3,South,118.08,4,25,93.08,78.83,29.52
2,1751080,2021-08,2021Q3,South,118.08,4,34,84.08,71.21,29.52
2,1751080,2021-10,2021Q4,South,177.12,6,53,124.12,70.08,29.52
2,1751080,2022-02,2022Q1,South,61.56,2,15,46.56,75.63,30.78
2,1751080,2022-03,2022Q1,South,123.12,4,40,83.12,67.51,30.78
2,1751080,2022-03,2022Q1,West,184.68,6,50,134.68,72.93,30.78
2,1751080,2022-05,2022Q2,West,123.12,4,28,95.12,77.26,30.78
2,1751080,2022-06,2022Q2,North,123.12,4,32,91.12,74.01,30.78
2,1751080,2022-06,2022Q2,South,246.24,8,62,184.24,74.82,30.78
2,1751080,2022-06,2022Q2,West,123.12,4,40,83.12,67.51,30.78
2,1751080,2022-07,2022Q3,East,307.8,10,84,223.8,72.71,30.78
2,1751080,2022-07,2022Q3,West,123.12,4,24,99.12,80.51,30.78
2,1751208,2021-01,2021Q1,East,455.04,12,145,310.04,68.13,37.92
2,1751208,2021-02,2021Q1,East,455.04,12,108,347.04,76.27,37.92
2,1751208,2021-03,2021Q1,East,379.2,10,119,260.2,68.62,37.92
2,1751208,2021-04,2021Q2,East,1592.64,42,415,1177.64,73.94,37.92
2,1751208,2021-04,2021Q2,West,606.72,16,204,402.72,66.38,37.92
2,1751208,2021-05,2021Q2,South,1896.0,50,405,1491.0,78.64,37.92
2,1751208,2021-06,2021Q2,East,2833.92,72,626,2207.92,77.91,39.36
2,1751208,2021-06,2021Q2,North,1592.64,42,450,1142.64,71.75,37.92
2,1751208,2021-08,2021Q3,South,1653.12,42,384,1269.12,76.77,39.36
2,1751208,2021-08,2021Q3,West,1653.12,42,480,1173.12,70.96,39.36
2,1751208,2021-09,2021Q3,North,393.6,10,100,293.6,74.59,39.36
2,1751208,2021-10,2021Q4,East,1574.4,40,434,1140.4,72.43,39.36
2,1751208,2021-10,2021Q4,South,1653.12,42,498,1155.12,69.88,39.36
2,1751208,2021-11,2021Q4,North,2046.72,52,629,1417.72,69.27,39.36
2,1751208,2021-12,2021Q4,East,393.6,10,132,261.6,66.46,39.36
2,1751208,2021-12,2021Q4,South,629.76,16,167,462.76,73.48,39.36
2,1751208,2022-02,2022Q1,North,492.48,12,120,372.48,75.63,41.04
2,1751208,2022-02,2022Q1,South,410.1,10,96,314.1,76.59,41.010000000000005
2,1751208,2022-03,2022Q1,East,410.4,10,139,271.4,66.13,41.04
2,1751208,2022-03,2022Q1,West,2462.4,60,637,1825.4,74.13,41.04
2,1751208,2022-04,2022Q2,South,1723.68,42,349,1374.68,79.75,41.04
2,1751208,2022-04,2022Q2,West,410.4,10,128,282.4,68.81,41.04
2,1751208,2022-05,2022Q2,East,656.64,16,191,465.64,70.91,41.04
2,1751208,2022-05,2022Q2,West,820.8,20,242,578.8,70.52,41.04
2,1751208,2022-06,2022Q2,South,410.4,10,83,327.4,79.78,41.04
2,1751208,2022-06,2022Q2,West,410.4,10,120,290.4,70.76,41.04
2,1751208,2022-07,2022Q3,East,1887.8400000000001,46,410,1477.8400000000001,78.28,41.040000000000006
2,1751208,2022-07,2022Q3,North,410.4,10,131,279.4,68.08,41.04
2,1751208,2022-07,2022Q3,West,492.48,12,145,347.48,70.56,41.04
2,1751280,2021-02,2021Q1,East,189.6,4,42,147.6,77.85,47.4
2,1751280,2021-02,2021Q1,West,189.6,4,46,143.6,75.74,47.4
2,1751280,2021-03,2021Q1,West,189.6,4,44,145.6,76.79,47.4
2,1751280,2021-04,2021Q2,East,189.6,4,60,129.6,68.35,47.4
2,1751280,2021-05,2021Q2,North,474.0,10,105,369.0,77.85,47.4
2,1751280,2021-05,2021Q2,South,474.0,10,150,324.0,68.35,47.4
2,1751280,2021-06,2021Q2,East,492.0,10,164,328.0,66.67,49.2
2,1751280,2021-07,2021Q3,West,492.0,10,129,363.0,73.78,49.2
2,1751280,2021-08,2021Q3,West,492.0,10,150,342.0,69.51,49.2
2,1751280,2021-10,2021Q4,North,196.8,4,44,152.8,77.64,49.2
2,1751280,2021-11,2021Q4,West,590.4000000000001,12,172,418.40000000000003,70.87,49.20000000000001
2,1751280,2022-01,2022Q1,East,196.8,4,42,154.8,78.66,49.2
2,1751280,2022-01,2022Q1,South,393.6,8,114,279.6,71.04,49.2
2,1751280,2022-02,2022Q1,North,307.8,6,87,220.8,71.73,51.300000000000004
2,1751280,2022-03,2022Q1,South,410.4,8,125,285.4,69.54,51.3
2,1751280,2022-04,2022Q2,East,410.4,8,103,307.4,74.9,51.3
2,1751280,2022-04,2022Q2,West,410.4,8,131,279.4,68.08,51.3
2,1751280,2022-05,2022Q2,South,410.4,8,135,275.4,67.11,51.3
2,1751280,2022-06,2022Q2,East,410.4,8,95,315.4,76.85,51.3
2,1751280,2022-06,2022Q2,West,205.2,4,69,136.2,66.37,51.3
2,1751280,2022-07,2022Q3,North,513.0,10,126,387.0,75.44,51.3
2,1751280,2022-07,2022Q3,South,307.8,6,89,218.8,71.09,51.300000000000004
2,1751400,2021-02,2021Q1,North,56.88,1,14,42.88,75.39,56.88
2,1751400,2021-02,2021Q1,West,113.76,2,34,79.76,70.11,56.88
2,1751400,2021-04,2021Q2,East,56.88,1,17,39.88,70.11,56.88
2,1751400,2021-05,2021Q2,East,113.76,2,23,90.76,79.78,56.88
2,1751400,2021-05,2021Q2,West,56.88,1,15,41.88,73.63,56.88
2,1751400,2021-06,2021Q2,South,59.04,1,14,45.04,76.29,59.04
2,1751400,2021-07,2021Q3,South,118.08,2,38,80.08,67.82,59.04
2,1751400,2021-08,2021Q3,West,236.16,4,75,161.16,68.24,59.04
2,1751400,2022-03,2022Q1,North,61.56,1,15,46.56,75.63,61.56
2,1751400,2022-04,2022Q2,East,61.56,1,19,42.56,69.14,61.56
2,1751400,2022-07,2022Q3,North,123.12,2,33,90.12,73.2,61.56
2,1751880,2021-01,2021Q1,West,227.52,3,65,162.52,71.43,75.84
2,1751880,2021-02,2021Q1,East,303.36,4,91,212.36,70.0,75.84
2,1751880,2021-02,2021Q1,North,303.36,4,105,198.36,65.39,75.84
2,1751880,2021-02,2021Q1,South,151.68,2,35,116.68,76.93,75.84
2,1751880,2021-06,2021Q2,North,78.72,1,17,61.72,78.4,78.72
2,1751880,2021-07,2021Q3,East,157.44,2,40,117.44,74.59,78.72
2,1751880,2021-09,2021Q3,South,314.88,4,84,230.88,73.32,78.72
2,1751880,2021-12,2021Q4,North,393.6,5,124,269.6,68.5,78.72
2,1751880,2022-01,2022Q1,West,314.88,4,94,220.88,70.15,78.72
2,1751880,2022-04,2022Q2,East,164.16,2,38,126.16,76.85,82.08
2,1751880,2022-05,2022Q2,East,164.16,2,47,117.16,71.37,82.08
2,1751880,2022-05,2022Q2,North,164.16,2,46,118.16,71.98,82.08
2,1751880,2022-06,2022Q2,North,164.16,2,34,130.16,79.29,82.08
2,5053104,2022-05,2022Q2,South,475.0,5,160,315.0,66.32,95.0
2,5053156,2022-05,2022Q2,North,1020.0,8,356,664.0,65.1,127.5
2,5053360,2021-09,2021Q3,East,675.0,5,180,495.0,73.33,135.0
2,5053404,2022-05,2022Q2,West,190.0,2,52,138.0,72.63,95.0
2,5053404,2022-06,2022Q2,West,760.0,8,216,544.0,71.58,95.0
2,5053456,2022-05,2022Q2,South,382.5,3,122,260.5,68.1,127.5
2,5053456,2022-06,2022Q2,South,1020.0,8,272,748.0,73.33,127.5
2,A021B6504467,2022-01,2022Q1,North,40.15,1,11,29.15,72.6,40.15
2,A02DA2501467,2022-01,2022Q1,South,51.4,1,13,38.4,74.71,51.4
2,A02DA2501467,2022-04,2022Q2,North,51.4,1,16,35.4,68.87,51.4
2,A41DA2967467,2021-06,2021Q2,South,60.4,1,18,42.4,70.2,60.4
2,A41DA2967467,2021-10,2021Q4,West,120.8,2,34,86.8,71.85,60.4
2,A44DA2502467,2022-07,2022Q3,South,120.8,2,31,89.8,74.34,60.4
2,A65DA2501467,2022-04,2022Q2,East,51.4,1,12,39.4,76.65,51.4
2,A65DA2502467,2021-08,2021Q3,West,60.4,1,18,42.4,70.2,60.4
2,A79DA2501467,2022-01,2022Q1,East,51.4,1,11,40.4,78.6,51.4
2,AC21B6502467,2021-11,2021Q4,East,240.9,6,51,189.9,78.83,40.15
2,AC21B6502467,2022-02,2022Q1,East,36.75,1,10,26.75,72.79,36.75
2,AC21B6512467,2022-01,2022Q1,East,40.15,1,12,28.15,70.11,40.15
2,AI9DA2967467,2021-07,2021Q3,East,60.4,1,17,43.4,71.85,60.4
2,AI9DA2967467,2021-07,2021Q3,South,60.4,1,18,42.4,70.2,60.4
2,AI9DA2967467,2021-08,2021Q3,South,60.4,1,20,40.4,66.89,60.4
2,AI9DA2967467,2021-11,2021Q4,South,60.4,1,18,42.4,70.2,60.4
2,AI9DA2967467,2021-12,2021Q4,North,604.0,10,153,451.0,74.67,60.4
2,AI9DA2967490,2021-09,2021Q3,East,286.9,1,76,210.9,73.51,286.9
2,AJ2DA2964467,2021-09,2021Q3,North,60.4,1,16,44.4,73.51,60.4
2,AK3S1B6501467,2021-11,2021Q4,East,66.8,2,18,48.8,73.05,33.4
2,AK3SDA2501467,2022-05,2022Q2,East,51.4,1,14,37.4,72.76,51.4
2,AOH1B6504467,2021-10,2021Q4,East,27.4,1,9,18.4,67.15,27.4
2,AOH1B6514467,2022-01,2022Q1,South,27.4,1,7,20.4,74.45,27.4
2,AOHDA2501467,2022-07,2022Q3,East,43.9,1,12,31.9,72.67,43.9
2,D021B650408,2021-01,2021Q1,North,53.4,1,16,37.4,70.04,53.4
2,D021B6504331,2021-09,2021Q3,West,222.0,1,61,161.0,72.52,222.0
2,D021B651708,2021-05,2021Q2,West,53.4,1,13,40.4,75.66,53.4
2,D79DA250108,2021-08,2021Q3,West,157.2,2,35,122.2,77.74,78.6
2,D79DA250108,2022-05,2022Q2,South,78.6,1,17,61.6,78.37,78.6
2,DIGIKIT,2021-01,2021Q1,North,79.0,1,26,53.0,67.09,79.0
2,X41DA296708,2021-05,2021Q2,West,92.4,1,21,71.4,77.27,92.4
2,X41DA296708,2022-02,2022Q1,South,924.0,10,285,639.0,69.16,92.4
2,X651B650108,2022-01,2022Q1,South,34.2,1,8,26.200000000000006,76.61,34.2
2,X65DA250108,2022-05,2022Q2,South,78.6,1,17,61.6,78.37,78.6
2,X731B650208,2021-05,2021Q2,East,53.4,1,11,42.4,79.4,53.4
2,X731B650308,2021-03,2021Q1,East,53.4,1,17,36.4,68.16,53.4
2,X731B650408,2021-12,2021Q4,East,53.4,1,10,43.4,81.27,53.4
2,X731B650408,2022-02,2022Q1,South,53.4,1,12,41.4,77.53,53.4
2,X731B651108,2021-04,2021Q2,South,53.4,1,16,37.4,70.04,53.4
2,X731B6514331,2021-01,2021Q1,South,222.0,1,75,147.0,66.22,222.0
2,X73DA250108,2021-09,2021Q3,South,157.2,2,45,112.2,71.37,78.6
2,X73DA250208,2022-02,2022Q1,West,92.4,1,19,73.4,79.44,92.4
2,XI9DA250108,2021-11,2021Q4,West,78.6,1,18,60.6,77.1,78.6
2,XI9DA296708,2021-01,2021Q1,South,92.4,1,31,61.40000000000001,66.45,92.4
2,XI9DA296708,2021-08,2021Q3,West,92.4,1,22,70.4,76.19,92.4
2,XI9DA296708,2022-05,2022Q2,East,92.4,1,24,68.4,74.03,92.4
2,XI9DA2967779,2022-02,2022Q1,North,115.5,1,23,92.5,80.09,115.5
2,XJ2DA296408,2022-06,2022Q2,East,369.6,4,91,278.6,75.38,92.4
2,XJ2DA296408,2022-06,2022Q2,West,92.4,1,30,62.40000000000001,67.53,92.4
2,XJ2DA296408,2022-07,2022Q3,West,92.4,1,22,70.4,76.19,92.4
2,XK3DA250108,2021-02,2021Q1,East,78.6,1,23,55.6,70.74,78.6
2,XK3DA250108,2021-10,2021Q4,West,78.6,1,19,59.6,75.83,78.6
2,XK3DA250108,2022-04,2022Q2,West,78.6,1,26,52.6,66.92,78.6
2,XK3DA250108,2022-05,2022Q2,North,78.6,1,27,51.6,65.65,78.6
2,XK3DA250108,2022-06,2022Q2,West,78.6,1,18,60.6,77.1,78.6
2,XK3DA2501331,2022-04,2022Q2,East,372.0,1,103,269.0,72.31,372.0
2,XK3S1B6501331,2021-01,2021Q1,North,165.0,1,37,128.0,77.58,165.0
2,XM3DA250108,2021-07,2021Q3,South,66.0,1,21,45.0,68.18,66.0
2,XM3DA250108,2022-04,2022Q2,North,66.0,1,14,52.0,78.79,66.0
2,XM3DA2501331,2021-09,2021Q3,South,312.0,1,88,224.0,71.79,312.0
2,XM3DA250208,2021-04,2021Q2,East,78.0,1,24,54.0,69.23,78.0
2,XM3DA250208,2021-11,2021Q4,East,78.0,1,24,54.0,69.23,78.0
2,XM3DA2502779,2021-09,2021Q3,East,97.5,1,34,63.5,65.13,97.5
2,XM3DA2502779,2021-09,2021Q3,West,97.5,1,27,70.5,72.31,97.5
2,XWCF1B651408,2021-05,2021Q2,West,53.4,1,11,42.4,79.4,53.4
2,XWCF1B651408,2021-08,2021Q3,North,53.4,1,13,40.4,75.66,53.4
2,XWCF1B65142020,2021-03,2021Q1,East,106.8,1,33,73.8,69.1,106.8
2,XWCFDA250108,2022-02,2022Q1,East,78.6,1,20,58.6,74.55,78.6
2,XWCFDA253708,2022-05,2022Q2,South,92.4,1,24,68.4,74.03,92.4
2,XWCFDA253708,2022-06,2022Q2,East,92.4,1,18,74.4,80.52,92.4
3,1220700,2021-07,2021Q3,North,4021.92,42,1047,2974.92,73.97,95.76
3,1220700,2021-09,2021Q3,West,4021.92,42,1362,2659.92,66.14,95.76
3,1220700,2021-11,2021Q4,South,4021.92,42,811,3210.92,79.84,95.76
3,1220700,2022-02,2022Q1,West,4021.92,42,865,3156.92,78.49,95.76
3,1220700,2022-03,2022Q1,North,4021.92,42,1050,2971.92,73.89,95.76
3,1220700,2022-07,2022Q3,South,4021.92,42,1055,2966.92,73.77,95.76
3,1265939.01,2021-09,2021Q3,South,3447.36,36,818,2629.36,76.27,95.76
3,1265939.01,2021-11,2021Q4,West,3447.36,36,1027,2420.36,70.21,95.76
3,1265939.01,2022-01,2022Q1,South,3447.36,36,1148,2299.36,66.7,95.76
3,1265939.01,2022-03,2022Q1,North,3447.36,36,923,2524.36,73.23,95.76
3,1265939.01,2022-07,2022Q3,South,3447.36,36,1033,2414.36,70.04,95.76
3,1271055.01,2021-12,2021Q4,South,2332.8,36,677,1655.8000000000004,70.98,64.80000000000001
3,1401424,2021-10,2021Q4,West,2952.0,16,661,2291.0,77.61,184.5
3,1401424,2021-11,2021Q4,South,7380.0,40,1967,5413.0,73.35,184.5
3,1401424,2022-03,2022Q1,West,3690.0,20,797,2893.0,78.4,184.5
3,1401424,2022-05,2022Q2,North,3690.0,20,1248,2442.0,66.18,184.5
3,1401424.01,2021-10,2021Q4,North,4428.0,24,1121,3307.0,74.68,184.5
3,1401424.01,2022-02,2022Q1,East,3690.0,20,910,2780.0,75.34,184.5
3,1401424.01,2022-03,2022Q1,East,3690.0,20,1272,2418.0,65.53,184.5
3,1401424.01,2022-05,2022Q2,West,3690.0,20,948,2742.0,74.31,184.5
3,1710895,2021-08,2021Q3,East,478.9,5,157,321.9,67.22,95.78
3,1710902,2021-08,2021Q3,East,957.75,5,271,686.75,71.7,191.55
3,1710910.01,2021-01,2021Q1,East,33721.92,288,8088,25633.92,76.02,117.08999999999999
3,1710910.01,2021-02,2021Q1,East,8430.48,72,1807,6623.48,78.57,117.08999999999999
3,1710910.01,2021-02,2021Q1,West,12645.72,108,3286,9359.72,74.01,117.08999999999999
3,1710910.01,2021-03,2021Q1,East,4215.24,36,1125,3090.24,73.31,117.08999999999999
3,1710910.01,2021-03,2021Q1,South,21076.2,180,6354,14722.2,69.85,117.09
3,1710910.01,2021-04,2021Q2,North,8430.48,72,2877,5553.48,65.87,117.08999999999999
3,1710910.01,2021-04,2021Q2,South,12645.72,108,3740,8905.72,70.42,117.08999999999999
3,1710910.01,2021-05,2021Q2,East,25860.600000000002,216,6965,18895.600000000002,73.07,119.72500000000001
3,1710910.01,2021-06,2021Q2,East,12930.3,108,2789,10141.3,78.43,119.725
3,1710910.01,2021-07,2021Q3,East,17240.4,144,3881,13359.4,77.49,119.72500000000001
3,1710910.01,2021-07,2021Q3,North,17239.68,144,4191,13048.68,75.69,119.72
3,1710910.01,2021-08,2021Q3,East,17239.68,144,5054,12185.68,70.68,119.72
3,1710910.01,2021-09,2021Q3,North,17239.68,144,5610,11629.68,67.46,119.72
3,1710910.01,2021-10,2021Q4,South,24570.0,252,7393,17177.0,69.91,97.5
3,1710910.01,2021-11,2021Q4,North,7020.0,72,2440,4580.0,65.24,97.5
3,1710910.01,2021-12,2021Q4,East,7020.0,72,2059,4961.0,70.67,97.5
3,1710910.01,2022-01,2022Q1,East,7020.0,72,2130,4890.0,69.66,97.5
3,1710910.01,2022-01,2022Q1,North,10530.0,108,3583,6947.0,65.97,97.5
3,1710910.01,2022-01,2022Q1,West,14040.0,144,4682,9358.0,66.65,97.5
3,1710910.01,2022-02,2022Q1,East,10530.0,108,3488,7042.0,66.88,97.5
3,1710910.01,2022-03,2022Q1,East,10530.0,108,2997,7533.0,71.54,97.5
3,1710910.01,2022-04,2022Q2,East,14040.0,144,3317,10723.0,76.37,97.5
3,1710910.01,2022-05,2022Q2,West,14040.0,144,3647,10393.0,74.02,97.5
3,1710910.01,2022-06,2022Q2,West,14040.0,144,4738,9302.0,66.25,97.5
3,1710910.01,2022-07,2022Q3,South,10530.0,108,2971,7559.0,71.79,97.5
3,1710912,2021-07,2021Q3,East,4309.92,36,1489,2820.92,65.45,119.72
3,1710912,2021-08,2021Q3,North,8619.84,72,2437,6182.84,71.73,119.72
3,1710912.01,2021-05,2021Q2,South,2394.0,20,781,1613.0,67.38,119.7
3,1710912.01,2021-06,2021Q2,South,4309.2,36,971,3338.2,77.47,119.69999999999999
3,1710912.01,2021-08,2021Q3,North,8618.4,72,2758,5860.4,68.0,119.69999999999999
3,1710912.01,2022-05,2022Q2,North,4309.2,36,1102,3207.2,74.43,119.69999999999999
3,1748376.01,2021-01,2021Q1,South,4215.24,36,871,3344.24,79.34,117.08999999999999
3,1748376.01,2021-03,2021Q1,North,4215.24,36,1408,2807.24,66.6,117.08999999999999
3,1748376.01,2021-04,2021Q2,East,4309.92,36,1453,2856.92,66.29,119.72
3,1748376.01,2021-08,2021Q3,East,4309.92,36,891,3418.92,79.33,119.72
3,1748376.01,2021-09,2021Q3,East,4309.92,36,1222,3087.92,71.65,119.72
3,1748376.01,2021-11,2021Q4,South,3510.0,36,1044,2466.0,70.26,97.5
3,1748376.01,2022-01,2022Q1,South,3510.0,36,1157,2353.0,67.04,97.5
3,1748376.01,2022-03,2022Q1,North,3510.0,36,1223,2287.0,65.16,97.5
3,1748376.01,2022-03,2022Q1,South,3510.0,36,1127,2383.0,67.89,97.5
3,1748376.01,2022-04,2022Q2,North,3510.0,36,815,2695.0,76.78,97.5
3,1748376.01,2022-05,2022Q2,East,3510.0,36,855,2655.0,75.64,97.5
3,1748376.01,2022-07,2022Q3,North,3510.0,36,705,2805.0,79.91,97.5
3,A41DA2967467,2022-01,2022Q1,North,51.75,1,11,40.75,78.74,51.75
3,AI9DA2967467,2021-05,2021Q2,North,43.87,1,12,31.87,72.65,43.87
3,AI9DA2967467,2022-01,2022Q1,North,51.75,1,17,34.75,67.15,51.75
3,DC21B650308,2021-08,2021Q3,West,53.4,1,18,35.4,66.29,53.4
3,X41DA250108,2021-05,2021Q2,East,23.4,1,5,18.4,78.63,23.4
3,X42DA2501331,2021-04,2021Q2,North,333.0,1,84,249.0,74.77,333.0
3,XWCFDA25012021,2021-05,2021Q2,West,702.0,3,199,503.0,71.65,234.0
3,XWCFDA25012021,2021-11,2021Q4,East,936.0,4,215,721.0,77.03,234.0
3,XWCFDA2501249,2021-05,2021Q2,East,4560.0,8,995,3565.0,78.18,570.0
3,XWCFDA2501249,2021-08,2021Q3,East,9120.0,16,2732,6388.0,70.04,570.0
3,XWCFDA2501249,2021-10,2021Q4,South,4560.0,8,1224,3336.0,73.16,570.0
3,XWCFDA2501249,2022-02,2022Q1,East,4560.0,8,1579,2981.0,65.37,570.0
3,XWCFDA2501249,2022-02,2022Q1,North,1140.0,2,337,803.0,70.44,570.0
3,XWCFDA2501249,2022-04,2022Q2,West,3420.0,6,879,2541.0,74.3,570.0
3,XWCFDA2501249,2022-05,2022Q2,South,3420.0,6,1163,2257.0,65.99,570.0
3,XWCFDA2501249,2022-06,2022Q2,East,2280.0,4,494,1786.0,78.33,570.0
3,XWCFDA2501249,2022-06,2022Q2,North,2280.0,4,772,1508.0,66.14,570.0
3,XWCFDA2501249,2022-06,2022Q2,South,2280.0,4,672,1608.0,70.53,570.0
3,XWCFDA2501249,2022-07,2022Q3,South,4560.0,8,942,3618.0,79.34,570.0
3,XWCFDA2501331,2021-05,2021Q2,South,351.0,3,113,238.0,67.81,117.0
3,XWCFDA25372021,2021-07,2021Q3,West,468.0,2,123,345.0,73.72,234.0
3,XWCFDA25372021,2021-10,2021Q4,West,936.0,4,250,686.0,73.29,234.0
3,XWCFDA25372021,2021-11,2021Q4,East,936.0,4,275,661.0,70.62,234.0
3,XWCFDA25372021,2022-05,2022Q2,South,468.0,2,138,330.0,70.51,234.0
3,XWCFDA2537249,2021-01,2021Q1,East,4680.0,8,972,3708.0,79.23,585.0
3,XWCFDA2537249,2021-02,2021Q1,North,2925.0,5,657,2268.0,77.54,585.0
3,XWCFDA2537249,2021-03,2021Q1,North,1755.0,3,423,1332.0,75.9,585.0
3,XWCFDA2537249,2021-03,2021Q1,West,4680.0,8,1414,3266.0,69.79,585.0
3,XWCFDA2537249,2021-04,2021Q2,East,5850.0,10,1515,4335.0,74.1,585.0
3,XWCFDA2537249,2021-04,2021Q2,North,4680.0,8,1559,3121.0,66.69,585.0
3,XWCFDA2537249,2021-05,2021Q2,East,4095.0,7,989,3106.0,75.85,585.0
3,XWCFDA2537249,2021-06,2021Q2,North,9945.0,17,2841,7104.0,71.43,585.0
3,XWCFDA2537249,2021-06,2021Q2,West,4680.0,8,1140,3540.0,75.64,585.0
3,XWCFDA2537249,2021-07,2021Q3,South,9360.0,16,2150,7210.0,77.03,585.0
3,XWCFDA2537249,2021-08,2021Q3,North,4680.0,8,1157,3523.0,75.28,585.0
3,XWCFDA2537249,2021-09,2021Q3,North,4680.0,8,1483,3197.0,68.31,585.0
3,XWCFDA2537249,2021-10,2021Q4,East,4680.0,8,1181,3499.0,74.76,585.0
3,XWCFDA2537249,2021-10,2021Q4,South,1170.0,2,368,802.0,68.55,585.0
3,XWCFDA2537249,2021-10,2021Q4,West,3510.0,6,1156,2354.0,67.07,585.0
3,XWCFDA2537249,2022-01,2022Q1,South,8775.0,15,2213,6562.0,74.78,585.0
3,XWCFDA2537249,2022-01,2022Q1,West,2925.0,5,894,2031.0,69.44,585.0
3,XWCFDA2537249,2022-02,2022Q1,East,11700.0,20,3154,8546.0,73.04,585.0
3,XWCFDA2537249,2022-03,2022Q1,North,2340.0,4,507,1833.0,78.33,585.0
3,XWCFDA2537249,2022-05,2022Q2,South,4680.0,8,1056,3624.0,77.44,585.0
3,XWCFDA2537249,2022-05,2022Q2,West,9360.0,16,2740,6620.0,70.73,585.0
3,XWCFDA2537249,2022-06,2022Q2,East,4680.0,8,1095,3585.0,76.6,585.0
3,XWCFDA2537249,2022-06,2022Q2,North,4680.0,8,1091,3589.0,76.69,585.0
4,1061703562,2022-06,2022Q2,East,12750.6,79,2684,10066.6,78.95,161.4
4,1228225708,2023-04,2023Q2,East,23758.8,78,6202,17556.8,73.9,304.59999999999997
4,1294256866,2021-12,2021Q4,West,18433.6,82,5553,12880.6,69.88,224.79999999999998
4,1392689272,2021-03,2021Q1,West,9800.8,10,2315,7485.799999999998,76.38,980.0799999999999
4,176391483,2021-11,2021Q4,West,7622.1,15,2103,5519.1,72.41,508.14000000000004
4,1777855024,2023-07,2023Q3,West,5185.32,28,1276,3909.32,75.39,185.19
4,2005247985,2023-03,2023Q1,North,37442.85,69,8587,28855.85,77.07,542.65
4,2027773033,2023-03,2023Q1,South,24698.78,46,7104,17594.78,71.24,536.93
4,2247427281,2021-09,2021Q3,South,4140.78,7,1028,3112.78,75.17,591.54
4,2347797963,2021-03,2021Q1,South,26186.93,71,6460,19726.93,75.33,368.83
4,2550825244,2023-03,2023Q1,East,950.7,1,213,737.7,77.6,950.7
4,263612061,2023-09,2023Q3,West,37541.24,82,7610,29931.24,79.73,457.82
4,2643578121,2021-01,2021Q1,South,21665.05,55,6541,15124.05,69.81,393.90999999999997
4,273121074,2021-05,2021Q2,South,9177.92,32,2738,6439.92,70.17,286.81
4,2992849994,2023-04,2023Q2,North,23315.66,38,4898,18417.66,78.99,613.57
4,3188737554,2021-01,2021Q1,West,14825.11,23,4328,10497.11,70.81,644.57
4,3242790503,2023-12,2023Q4,South,87061.24,98,17524,69537.24,79.87,888.3800000000001
4,3250787506,2022-07,2022Q3,West,20712.9,78,5758,14954.9,72.2,265.55
4,3350006741,2021-06,2021Q2,North,56956.79,73,11596,45360.79,79.64,780.23
4,3427055010,2022-06,2022Q2,South,62775.9,66,17959,44816.9,71.39,951.15
4,3436117806,2023-01,2023Q1,East,5107.36,8,1688,3419.36,66.95,638.42
4,3650325760,2023-12,2023Q4,West,14620.5,50,4261,10359.5,70.86,292.41
4,3703429160,2023-10,2023Q4,North,1724.49,3,484,1240.49,71.93,574.83
4,371457662,2022-04,2022Q2,North,54447.18,82,18770,35677.18,65.53,663.99
4,3859807813,2021-07,2021Q3,East,30670.56,59,9691,20979.56,68.4,519.84
4,3898835278,2022-11,2022Q4,West,37351.42,58,11693,25658.42,68.69,643.99
4,3920467419,2021-04,2021Q2,North,15944.64,17,3773,12171.64,76.34,937.92
4,3980698693,2021-03,2021Q1,East,28498.47,39,7304,21194.47,74.37,730.73
4,4298165667,2022-11,2022Q4,West,24064.32,32,5448,18616.32,77.36,752.01
4,4409391563,2022-01,2022Q1,East,15075.72,54,5268,9807.72,65.06,279.18
4,4526250573,2021-08,2021Q3,South,28914.92,86,9370,19544.92,67.59,336.21999999999997
4,4937304878,2021-10,2021Q4,West,4057.4,20,976,3081.4,75.95,202.87
4,5222053438,2023-09,2023Q3,South,6164.0,67,1849,4315.0,70.0,92.0
4,5277317543,2023-01,2023Q1,East,91894.89,97,28310,63584.89,69.19,947.37
4,5407889657,2021-07,2021Q3,South,1174.39,19,336,838.3900000000001,71.39,61.81
4,5537571632,2021-09,2021Q3,West,8217.3,13,2000,6217.299999999998,75.66,632.0999999999999
4,5620989021,2023-11,2023Q4,North,3457.28,73,1179,2278.28,65.9,47.36
4,5641794793,2021-12,2021Q4,East,63690.0,75,14936,48754.0,76.55,849.2
4,5779824536,2022-10,2022Q4,North,60132.74,71,15591,44541.74,74.07,846.9399999999999
4,627841914,2022-09,2022Q3,East,15611.61,51,3638,11973.61,76.7,306.11
4,6539542833,2023-11,2023Q4,West,44474.04,68,10375,34099.04,76.67,654.03
4,6567834592,2023-01,2023Q1,East,2976.0,100,885,2091.0,70.26,29.76
4,6831616751,2021-06,2021Q2,North,14714.9,74,4259,10455.9,71.06,198.85
4,6846779295,2023-02,2023Q1,West,41745.87,47,12925,28820.870000000006,69.04,888.21
4,781807476,2022-12,2022Q4,North,7506.24,48,1501,6005.24,80.0,156.38
4,7876222121,2023-02,2023Q1,South,7026.14,11,1562,5464.14,77.77,638.74
4,7989765373,2022-09,2022Q3,East,156.82,1,50,106.82,68.12,156.82
4,822107094,2021-10,2021Q4,North,49591.08,63,14483,35108.08,70.8,787.1600000000001
4,838819244,2022-04,2022Q2,West,9133.2,30,3175,5958.200000000002,65.24,304.44
4,8437035427,2023-12,2023Q4,South,18503.1,45,3932,14571.1,78.75,411.17999999999995
4,852474268,2023-05,2023Q2,North,2161.77,3,670,1491.77,69.01,720.59
4,8889979066,2022-12,2022Q4,South,69189.6,80,21475,47714.60000000001,68.96,864.8700000000001
4,8995661658,2023-03,2023Q1,East,4672.5,50,1442,3230.5,69.14,93.45
4,9015738323,2021-03,2021Q1,East,3295.0,100,739,2556.0,77.57,32.95
4,9116287393,2022-12,2022Q4,East,13912.8,40,4825,9087.8,65.32,347.82
4,9193280725,2023-08,2023Q3,South,22619.52,48,6660,15959.52,70.56,471.24
4,9388245466,2022-07,2022Q3,East,1046.04,46,220,826.04,78.97,22.74
4,9670471425,2023-11,2023Q4,West,60739.2,72,15054,45685.2,75.22,843.5999999999999
4,9794206955,2023-01,2023Q1,South,11985.6,16,3490,8495.6,70.88,749.1
4,9994197893,2023-02,2023Q1,South,20573.15,31,5557,15016.15,72.99,663.6500000000001
5,1499478410,2021-04,2021Q2,South,9489.96,54,3299,6190.959999999999,65.24,175.73999999999998
5,1679462781,2023-11,2023Q4,East,47056.8,70,13806,33250.8,70.66,672.24
5,1731848745,2022-05,2022Q2,West,65781.54,66,21549,44232.53999999999,67.24,996.6899999999999
5,1888447754,2021-06,2021Q2,West,7096.8,40,1426,5670.8,79.91,177.42000000000002
5,2056244743,2023-08,2023Q3,North,77466.4,80,19403,58063.4,74.95,968.3299999999999
5,2109561362,2021-03,2021Q1,North,28975.73,89,9812,19163.73,66.14,325.57
5,2114336494,2022-08,2022Q3,South,34973.4,84,8317,26656.4,76.22,416.35
5,2348036883,2021-09,2021Q3,South,22428.0,24,6963,15465.0,68.95,934.5
5,2599304349,2023-04,2023Q2,West,45869.76,48,12331,33538.76,73.12,955.62
5,2804205645,2023-12,2023Q4,East,27412.16,32,6866,20546.16,74.95,856.63
5,3347094689,2023-04,2023Q2,North,1401.84,11,356,1045.84,74.6,127.44
5,3505131982,2021-05,2021Q2,South,14802.92,44,4174,10628.92,71.8,336.43
5,3579513121,2021-06,2021Q2,South,4953.55,7,1316,3637.55,73.43,707.65
5,3706487989,2023-10,2023Q4,East,11078.82,61,2237,8841.82,79.81,181.62
5,40909495,2021-07,2021Q3,South,15518.4,96,4632,10886.4,70.15,161.65
5,4369599053,2021-07,2021Q3,North,14015.48,68,3280,10735.48,76.6,206.10999999999999
5,4640655880,2023-05,2023Q2,West,14989.8,43,5149,9840.8,65.65,348.59999999999997
5,4730421067,2022-12,2022Q4,North,69470.25,75,18628,50842.25,73.19,926.27
5,4765267233,2021-01,2021Q1,East,18957.98,46,6375,12582.98,66.37,412.13
5,4791625802,2023-12,2023Q4,East,68113.71,81,18187,49926.71000000001,73.3,840.9100000000001
5,4881359590,2023-10,2023Q4,East,23649.5,29,5187,18462.5,78.07,815.5
5,5100388136,2021-10,2021Q4,East,61539.66,78,17603,43936.66,71.4,788.97
5,5346191622,2022-09,2022Q3,West,20921.55,39,4512,16409.55,78.43,536.4499999999999
5,5556478621,2023-11,2023Q4,East,64529.92,91,21547,42982.92,66.61,709.12
5,5645037267,2023-10,2023Q4,North,4175.01,47,1391,2784.01,66.68,88.83
5,5840250170,2021-07,2021Q3,East,22570.74,37,4951,17619.74,78.06,610.0200000000001
5,5962081656,2022-10,2022Q4,East,40987.8,45,11685,29302.800000000007,71.49,910.84
5,6087738457,2023-11,2023Q4,South,1150.17,3,379,771.1700000000002,67.05,383.39000000000004
5,6263519646,2023-05,2023Q2,West,24985.1,70,6416,18569.1,74.32,356.93
5,626471145,2023-10,2023Q4,South,16314.36,92,3445,12869.36,78.88,177.33
5,6298749218,2023-05,2023Q2,West,27140.0,46,8986,18154.0,66.89,590.0
5,6401967610,2021-07,2021Q3,South,4226.9,43,1055,3171.9,75.04,98.3
5,6407522215,2022-07,2022Q3,South,8158.08,64,2505,5653.08,69.29,127.47
5,6421142433,2022-09,2022Q3,West,471.15,27,146,325.15,69.01,17.45
5,6445591118,2022-11,2022Q4,East,12390.3,45,3126,9264.3,74.77,275.34
5,6464626594,2023-11,2023Q4,South,25978.5,45,8130,17848.5,68.7,577.3
5,6611757075,2023-06,2023Q2,West,29163.03,39,8199,20964.03,71.89,747.77
5,6953050866,2022-08,2022Q3,South,2693.4,4,571,2122.4,78.8,673.35
5,7005733179,2022-07,2022Q3,East,54029.0,97,16966,37063.0,68.6,557.0
5,7095954454,2021-01,2021Q1,North,86087.16,92,25587,60500.16,70.28,935.73
5,7162935997,2023-09,2023Q3,North,4573.2,74,1307,3266.2,71.42,61.8
5,7171209190,2021-07,2021Q3,North,596.82,58,149,447.82000000000005,75.03,10.290000000000001
5,7228395148,2023-01,2023Q1,West,8866.88,22,3053,5813.879999999999,65.57,403.03999999999996
5,7518762742,2023-04,2023Q2,East,47590.14,51,12198,35392.14,74.37,933.14
5,760071097,2021-02,2021Q1,West,31039.8,60,8709,22330.8,71.94,517.33
5,7613228718,2021-01,2021Q1,East,1974.0,47,676,1298.0,65.75,42.0
5,7634887435,2022-08,2022Q3,West,34925.82,51,7046,27879.82,79.83,684.82
5,7675111397,2021-02,2021Q1,East,13294.34,34,4581,8713.34,65.54,391.01
5,8302033862,2021-04,2021Q2,North,25471.08,36,8449,17022.08,66.83,707.5300000000001
5,8441614438,2021-12,2021Q4,East,17953.77,71,5637,12316.77,68.6,252.87
5,8586372587,2023-11,2023Q4,North,54703.49,67,13484,41219.49,75.35,816.4699999999999
5,8665289568,2022-02,2022Q1,West,11027.52,36,2869,8158.52,73.98,306.32
5,8718539594,2022-01,2022Q1,West,49794.61,89,10203,39591.61,79.51,559.49
5,8768097736,2022-09,2022Q3,East,35195.16,44,11083,24112.160000000003,68.51,799.8900000000001
5,9151564511,2022-06,2022Q2,West,22541.2,88,5354,17187.2,76.25,256.15000000000003
5,9196329971,2023-02,2023Q1,North,26788.11,79,6000,20788.11,77.6,339.09000000000003
5,9475732034,2023-12,2023Q4,South,62213.75,71,13673,48540.75,78.02,876.25
5,9539776716,2023-09,2023Q3,South,672.1,10,149,523.1,77.83,67.21000000000001
5,9647384110,2021-04,2021Q2,North,10828.42,74,2190,8638.42,79.78,146.33
5,9923790132,2023-08,2023Q3,West,15930.53,17,3437,12493.53,78.43,937.09
6,1070409460,2021-03,2021Q1,East,32727.1,49,7154,25573.1,78.14,667.9
6,107340382,2023-05,2023Q2,East,85719.64,86,17231,68488.64,79.9,996.74
6,1301347896,2023-01,2023Q1,North,7270.01,11,2152,5118.01,70.4,660.91
6,1415791174,2021-07,2021Q3,North,8480.88,18,2275,6205.879999999999,73.17,471.15999999999997
6,1651269766,2021-01,2021Q1,South,5702.2,7,1618,4084.2,71.62,814.6
6,1680042703,2023-02,2023Q1,East,3380.3,70,934,2446.3,72.37,48.29
6,2859920020,2022-12,2022Q4,East,64899.1,70,21166,43733.1,67.39,927.13
6,3304833016,2021-02,2021Q1,North,6219.36,14,1530,4689.36,75.4,444.23999999999995
6,3313849995,2023-03,2023Q1,North,63450.75,75,18151,45299.75,71.39,846.01
6,335494329,2021-06,2021Q2,South,5411.05,31,1368,4043.05,74.72,174.55
6,4065679034,2022-09,2022Q3,North,40737.19,41,12525,28212.19,69.25,993.59
6,4085791331,2023-02,2023Q1,West,30674.49,77,10071,20603.49,67.17,398.37
6,4341964279,2022-11,2022Q4,West,67725.9,99,13614,54111.9,79.9,684.0999999999999
6,5237785596,2023-06,2023Q2,South,13597.56,18,3792,9805.56,72.11,755.42
6,5337767069,2022-03,2022Q1,North,2100.66,3,704,1396.66,66.49,700.2199999999999
6,5547751631,2022-05,2022Q2,South,10212.0,15,3497,6715.0,65.76,680.8
6,6143847141,2021-11,2021Q4,East,40585.6,44,11341,29244.6,72.06,922.4
6,6475128171,2023-04,2023Q2,East,15251.8,20,4254,10997.8,72.11,762.5899999999999
6,6677308989,2022-08,2022Q3,North,19567.0,50,5229,14338.0,73.28,391.34
6,6826879510,2021-06,2021Q2,East,16488.32,64,3952,12536.32,76.03,257.63
6,7245299745,2023-02,2023Q1,South,4617.15,15,1507,3110.15,67.36,307.81
6,7618327685,2023-04,2023Q2,West,15717.75,25,4867,10850.75,69.04,628.71
6,7746584588,2022-10,2022Q4,South,48154.4,56,14280,33874.4,70.35,859.9
6,8179555237,2023-07,2023Q3,North,66149.4,82,14765,51384.4,77.68,806.6999999999999
6,8255768171,2022-06,2022Q2,North,2371.32,36,632,1739.3200000000004,73.35,65.87
6,9091621666,2022-09,2022Q3,East,41187.81,61,9662,31525.81,76.54,675.2099999999999
6,9153285451,2023-04,2023Q2,East,8010.45,9,1960,6050.45,75.53,890.05
6,9600579601,2021-02,2021Q1,East,50950.04,59,13343,37607.04,73.81,863.5600000000001
6,9872632853,2022-06,2022Q2,South,2721.84,6,685,2036.84,74.83,453.64000000000004
6,9890186057,2023-04,2023Q2,West,24168.0,32,6400,17768.0,73.52,755.25
7,1002446877,2021-11,2021Q4,South,64935.36,96,16747,48188.36,74.21,676.41
7,1765996980,2021-10,2021Q4,West,982.28,4,213,769.28,78.32,245.57
7,1967285767,2022-12,2022Q4,South,7809.9,70,2093,5716.9,73.2,111.57
7,208022822,2021-03,2021Q1,South,26789.01,71,6553,20236.01,75.54,377.31
7,2138233674,2021-02,2021Q1,North,1513.2,40,511,1002.2,66.23,37.83
7,2188944752,2023-10,2023Q4,East,6012.36,38,2049,3963.36,65.92,158.22
7,2243100655,2023-03,2023Q1,East,4862.04,93,1496,3366.04,69.23,52.28
7,2291004856,2021-10,2021Q4,North,42072.03,63,12812,29260.03,69.55,667.81
7,3069527066,2022-01,2022Q1,West,44034.18,87,13029,31005.18,70.41,506.14
7,3196906902,2021-10,2021Q4,East,3509.58,58,812,2697.58,76.86,60.51
7,3373434075,2021-03,2021Q1,South,24969.26,62,6279,18690.26,74.85,402.72999999999996
7,3968936004,2023-02,2023Q1,East,12598.4,80,4309,8289.4,65.8,157.48
7,4272056270,2023-04,2023Q2,East,3320.1,30,952,2368.1,71.33,110.67
7,4622583095,2022-12,2022Q4,South,5168.0,68,1322,3846.0,74.42,76.0
7,4676269664,2021-03,2021Q1,East,47474.64,62,9534,37940.64,79.92,765.72
7,491948955,2023-09,2023Q3,South,34062.45,43,8738,25324.45,74.35,792.15
7,4932819180,2021-08,2021Q3,East,13129.75,29,4199,8930.75,68.02,452.75
7,5057478970,2023-03,2023Q1,West,28593.63,39,8702,19891.63,69.57,733.1700000000001
7,5236364147,2022-06,2022Q2,West,4517.48,44,1398,3119.48,69.05,102.66999999999999
7,528992075,2021-12,2021Q4,West,74661.75,75,19886,54775.75,73.37,995.49
7,5576410760,2022-01,2022Q1,East,428.17,1,145,283.17,66.13,428.17
7,6057121875,2023-06,2023Q2,East,17698.8,86,3637,14061.8,79.45,205.79999999999998
7,6276852267,2023-01,2023Q1,West,59509.74,87,15373,44136.74,74.17,684.02
7,652604225,2022-07,2022Q3,West,25150.44,42,5928,19222.44,76.43,598.8199999999999
7,6526657631,2023-04,2023Q2,South,19008.48,48,6627,12381.48,65.14,396.01
7,6769300204,2021-11,2021Q4,South,27311.04,36,5584,21727.04,79.55,758.64
7,6779108686,2023-12,2023Q4,West,17202.36,84,4571,12631.36,73.43,204.79000000000002
7,7835560354,2022-02,2022Q1,East,61226.24,64,14199,47027.24,76.81,956.66
7,8643587433,2023-04,2023Q2,East,46516.4,56,10169,36347.4,78.14,830.65
7,984778085,2021-09,2021Q3,South,25606.88,26,6579,19027.88,74.31,984.88
9,1115970943,2023-01,2023Q1,West,49171.05,57,16200,32971.05,67.05,862.6500000000001
9,170322209,2023-11,2023Q4,West,65182.16,74,13143,52039.16,79.84,880.84
9,1767896916,2022-04,2022Q2,West,19345.32,58,3975,15370.32,79.45,333.54
9,1836415485,2022-09,2022Q3,East,3678.75,27,1226,2452.75,66.67,136.25
9,2475928378,2021-12,2021Q4,North,7650.72,21,2371,5279.72,69.01,364.32
9,2494622407,2022-02,2022Q1,East,52634.82,98,17091,35543.82,67.53,537.09
9,2513277367,2021-03,2021Q1,North,73536.0,100,15300,58236.0,79.19,735.36
9,3097360230,2022-07,2022Q3,South,62079.75,75,20813,41266.75,66.47,827.73
9,3308555856,2023-05,2023Q2,North,21943.71,81,5097,16846.71,76.77,270.90999999999997
9,3462811728,2023-03,2023Q1,West,35763.08,61,9692,26071.08,72.9,586.28
9,3764663470,2023-07,2023Q3,West,2120.95,5,736,1384.9499999999996,65.3,424.18999999999994
9,4781755141,2023-03,2023Q1,North,4665.26,38,1094,3571.26,76.55,122.77000000000001
9,493240694,2022-06,2022Q2,North,40994.91,81,12242,28752.910000000003,70.14,506.11000000000007
9,5365296873,2022-04,2022Q2,South,11706.28,76,2857,8849.28,75.59,154.03
9,5388465396,2022-12,2022Q4,North,958.06,2,286,672.06,70.15,479.03
9,6614544668,2023-06,2023Q2,West,13573.04,31,3718,9855.04,72.61,437.84000000000003
9,6623111490,2021-07,2021Q3,West,27415.56,51,5684,21731.56,79.27,537.5600000000001
9,6721350935,2022-01,2022Q1,North,37862.88,88,10140,27722.88,73.22,430.26
9,7047222108,2022-01,2022Q1,North,89290.74,98,27647,61643.74000000001,69.04,911.1300000000001
9,7591101241,2021-09,2021Q3,West,12697.2,40,3802,8895.2,70.06,317.43
9,7671922969,2021-07,2021Q3,South,2519.65,23,593,1926.65,76.46,109.55
9,7699122609,2022-06,2022Q2,East,9127.41,67,1930,7197.41,78.85,136.23
9,7990175069,2023-10,2023Q4,South,3154.95,45,1049,2105.95,66.75,70.11
9,8253774265,2022-02,2022Q1,North,28181.56,38,7437,20744.56,73.61,741.62
9,8286812934,2023-07,2023Q3,West,54148.73,67,12044,42104.73,77.76,808.19
9,8417635210,2021-05,2021Q2,West,70703.82,99,21104,49599.82000000001,70.15,714.1800000000001
9,8738997999,2022-05,2022Q2,East,17252.3,26,4146,13106.3,75.97,663.55
9,8758099663,2022-11,2022Q4,West,48161.47,97,16777,31384.47,65.17,496.51
9,9147721352,2023-02,2023Q1,South,39077.68,76,7915,31162.68,79.75,514.18
9,9689930186,2022-01,2022Q1,West,2954.88,81,859,2095.88,70.93,36.480000000000004
10,1025096629,2022-01,2022Q1,East,16291.11,33,3775,12516.11,76.83,493.67
10,1072320751,2021-11,2021Q4,South,13982.1,30,4355,9627.1,68.85,466.07
10,1175354683,2023-03,2023Q1,North,5839.16,68,1623,4216.16,72.2,85.87
10,1186461150,2021-05,2021Q2,North,3846.15,63,833,3013.15,78.34,61.050000000000004
10,1479483040,2022-03,2022Q1,West,7429.57,19,2104,5325.57,71.68,391.03
10,1637827844,2022-02,2022Q1,East,647.76,24,199,448.76,69.28,26.99
10,1830512079,2021-08,2021Q3,West,45475.43,77,9223,36252.43,79.72,590.59
10,1847707911,2022-05,2022Q2,North,8462.8,20,1752,6710.799999999998,79.3,423.14
10,1953913894,2023-10,2023Q4,East,83182.08,96,28102,55080.08,66.22,866.48
10,1977352352,2021-02,2021Q1,East,7935.18,33,2688,5247.18,66.13,240.46
10,2021671627,2022-12,2022Q4,West,2182.5,50,447,1735.5,79.52,43.65
10,2037435786,2023-05,2023Q2,East,1148.32,16,237,911.32,79.36,71.77
10,2097894734,2022-03,2022Q1,South,9177.15,15,1967,7210.15,78.57,611.81
10,2205370921,2023-03,2023Q1,East,4929.96,21,1212,3717.96,75.42,234.76
10,2285780250,2021-10,2021Q4,South,7255.8,45,1909,5346.8,73.69,161.24
10,2424898296,2021-07,2021Q3,West,50827.29,93,11878,38949.29,76.63,546.53
10,2513166224,2023-08,2023Q3,South,6845.2,40,1410,5435.2,79.4,171.13
10,257595449,2022-03,2022Q1,West,21451.04,26,6928,14523.04,67.7,825.0400000000001
10,2649196734,2022-09,2022Q3,South,45334.08,72,12804,32530.08,71.76,629.64
10,2714585021,2021-07,2021Q3,South,25673.12,88,7408,18265.12,71.14,291.74
10,2714919446,2022-03,2022Q1,North,8843.49,97,2204,6639.49,75.08,91.17
10,2903722140,2021-11,2021Q4,South,4975.2,30,1700,3275.2,65.83,165.84
10,2951999617,2021-06,2021Q2,South,13886.4,80,4313,9573.4,68.94,173.57999999999998
10,2975878205,2022-07,2022Q3,South,20615.4,45,7092,13523.4,65.6,458.12
10,3087901966,2021-04,2021Q2,East,72004.56,89,24479,47525.56,66.0,809.04
10,3120698931,2021-03,2021Q1,North,56390.4,99,15320,41070.4,72.83,569.6
10,3134846796,2021-05,2021Q2,North,20585.25,45,7008,13577.25,65.96,457.45
10,3164132023,2023-06,2023Q2,South,6518.52,38,2210,4308.52,66.1,171.54000000000002
10,3274176917,2021-07,2021Q3,South,1729.28,2,364,1365.28,78.95,864.64
10,327866212,2021-10,2021Q4,North,22156.47,57,5001,17155.47,77.43,388.71000000000004
10,3324931330,2023-09,2023Q3,West,42164.16,96,10685,31479.160000000003,74.66,439.21000000000004
10,3327971966,2023-04,2023Q2,West,76990.98,93,18258,58732.98,76.29,827.8599999999999
10,3353286567,2021-08,2021Q3,East,53861.76,81,13133,40728.76,75.62,664.96
10,3379125379,2022-02,2022Q1,West,42317.87,67,12413,29904.870000000006,70.67,631.61
10,3501144763,2022-10,2022Q4,South,66469.2,82,22527,43942.2,66.11,810.5999999999999
10,3624844945,2023-11,2023Q4,West,3773.28,56,824,2949.28,78.16,67.38000000000001
10,3762781476,2023-12,2023Q4,East,48954.78,81,11523,37431.78,76.46,604.38
10,3878415377,2023-10,2023Q4,North,10444.77,21,2118,8326.77,79.72,497.37
10,3899293951,2021-07,2021Q3,East,9711.24,11,3177,6534.24,67.29,882.84
10,3980025023,2022-09,2022Q3,North,20584.0,40,5283,15301.0,74.33,514.6
10,4024629706,2023-04,2023Q2,East,17284.86,54,5250,12034.86,69.63,320.09000000000003
10,4054636961,2021-05,2021Q2,South,18790.52,28,4639,14151.52,75.31,671.09
10,4159877560,2022-10,2022Q4,North,1994.95,5,558,1436.95,72.03,398.99
10,4196614961,2021-01,2021Q1,West,2241.9,6,664,1577.9,70.38,373.65000000000003
10,422122737,2023-04,2023Q2,North,78017.24,79,23647,54370.24000000001,69.69,987.5600000000001
10,4254539817,2023-12,2023Q4,South,65455.02,94,14403,51052.02,78.0,696.3299999999999
10,428004095,2021-12,2021Q4,East,44839.8,45,9704,35135.8,78.36,996.44
10,4401494780,2021-02,2021Q1,East,21433.72,28,4595,16838.72,78.56,765.49
10,4620804331,2022-09,2022Q3,North,7109.62,43,1546,5563.62,78.25,165.34
10,4679297421,2022-06,2022Q2,West,31928.72,68,10090,21838.72,68.4,469.54
10,4686826218,2022-05,2022Q2,North,31685.5,55,7503,24182.5,76.32,576.1
10,478155260,2022-02,2022Q1,West,59837.28,68,14218,45619.28,76.24,879.96
10,479740660,2021-09,2021Q3,West,40991.92,62,9142,31849.92,77.7,661.16
10,4812495126,2021-07,2021Q3,East,978.6,4,249,729.6,74.56,244.65
10,491455494,2021-01,2021Q1,East,65638.56,78,20988,44650.56,68.02,841.52
10,5116651832,2023-12,2023Q4,West,12883.84,82,2932,9951.84,77.24,157.12
10,5309491064,2022-10,2022Q4,East,3645.6,98,820,2825.6,77.51,37.199999999999996
10,5382860004,2023-02,2023Q1,East,44518.76,86,13716,30802.76,69.19,517.66
10,555091941,2021-03,2021Q1,West,15113.7,70,4065,11048.7,73.1,215.91
10,5767624478,2021-11,2021Q4,East,13740.87,39,2856,10884.87,79.22,352.33000000000004
10,5823428672,2021-01,2021Q1,East,6091.32,46,1931,4160.32,68.3,132.42
10,586130545,2021-09,2021Q3,West,2542.4,5,769,1773.4,69.75,508.48
10,5887577238,2023-10,2023Q4,East,5081.55,57,1692,3389.55,66.7,89.15
10,5923559130,2023-08,2023Q3,West,2126.54,13,546,1580.54,74.32,163.57999999999998
10,6045538345,2022-08,2022Q3,West,21736.44,22,6607,15129.44,69.6,988.02
10,6055769509,2022-02,2022Q1,East,10750.86,43,3259,7491.8600000000015,69.69,250.02
10,6071819372,2023-05,2023Q2,South,30011.85,55,7176,22835.85,76.09,545.67
10,6147251540,2021-07,2021Q3,North,55871.76,84,17895,37976.76,67.97,665.14
10,6195414151,2022-08,2022Q3,South,34935.3,38,8429,26506.300000000007,75.87,919.35
10,6225658928,2023-06,2023Q2,West,49677.12,72,11265,38412.12,77.32,689.96
10,6280012589,2022-09,2022Q3,South,27940.8,30,6315,21625.8,77.4,931.36
10,6356649649,2021-12,2021Q4,North,35979.84,72,8124,27855.84,77.42,499.71999999999997
10,6396274779,2022-12,2022Q4,West,2066.46,93,584,1482.46,71.74,22.22
10,6418534130,2021-06,2021Q2,South,2818.97,11,909,1909.97,67.75,256.27
10,6536718515,2021-02,2021Q1,South,3628.16,4,847,2781.16,76.65,907.04
10,6685299586,2021-11,2021Q4,South,53411.2,64,13429,39982.2,74.86,834.55
10,6706312111,2023-09,2023Q3,North,6616.4,34,1531,5085.4,76.86,194.6
10,6707071474,2022-07,2022Q3,West,30892.74,34,6949,23943.74,77.51,908.61
10,6730318378,2022-08,2022Q3,East,36123.44,43,11366,24757.44,68.54,840.08
10,6742316480,2023-12,2023Q4,West,39670.89,49,12368,27302.89,68.82,809.61
10,6892499619,2023-12,2023Q4,East,18124.1,95,4480,13644.1,75.28,190.77999999999997
10,6900221940,2023-08,2023Q3,West,23674.5,50,6551,17123.5,72.33,473.49
10,6907794561,2023-05,2023Q2,North,16704.8,28,5055,11649.8,69.74,596.6
10,6918448793,2023-08,2023Q3,North,4703.75,71,1181,3522.75,74.89,66.25
10,6930161941,2023-02,2023Q1,West,47864.85,55,15127,32737.85,68.4,870.27
10,6930803850,2021-07,2021Q3,West,1358.2,10,276,1082.2,79.68,135.82
10,7001933094,2023-10,2023Q4,South,25176.53,61,7979,17197.53,68.31,412.72999999999996
10,713358403,2021-12,2021Q4,South,57947.4,90,14878,43069.4,74.32,643.86
10,7185385714,2023-03,2023Q1,North,21863.82,22,6596,15267.82,69.83,993.81
10,7280358548,2021-11,2021Q4,North,61536.96,69,14966,46570.96,75.68,891.84
10,7303066683,2023-06,2023Q2,North,49159.5,78,14612,34547.5,70.28,630.25
10,7520832693,2022-10,2022Q4,East,932.36,11,234,698.36,74.9,84.76
10,7702146292,2022-03,2022Q1,East,54586.78,86,18478,36108.78,66.15,634.73
10,7735630692,2022-10,2022Q4,South,22417.28,32,4842,17575.28,78.4,700.54
10,7819173200,2022-04,2022Q2,East,16979.69,47,5301,11678.69,68.78,361.27
10,7839443843,2023-07,2023Q3,North,580.0,4,184,396.0,68.28,145.0
10,7983779537,2023-01,2023Q1,South,57743.28,76,17072,40671.28,70.43,759.78
10,8180599873,2023-07,2023Q3,West,8188.89,89,1811,6377.89,77.88,92.01
10,849444032,2021-09,2021Q3,North,39775.68,72,10401,29374.68,73.85,552.44
10,8551353885,2023-11,2023Q4,West,11542.47,71,2464,9078.47,78.65,162.57
10,8622454514,2022-01,2022Q1,West,6473.28,24,1313,5160.28,79.72,269.71999999999997
10,8681124781,2023-12,2023Q4,North,22240.8,72,7422,14818.8,66.63,308.9
10,8691401126,2022-11,2022Q4,West,34886.08,82,7546,27340.08,78.37,425.44
10,870548657,2021-09,2021Q3,North,55195.2,90,14195,41000.2,74.28,613.28
10,8748892293,2023-12,2023Q4,South,11670.75,65,2395,9275.75,79.48,179.55
10,8838892474,2022-12,2022Q4,West,43194.48,84,11524,31670.480000000003,73.32,514.22
10,8878577519,2022-05,2022Q2,East,83798.88,88,28853,54945.88000000001,65.57,952.2600000000001
10,8930172077,2023-12,2023Q4,North,34185.86,86,8735,25450.86,74.45,397.51
10,8936629168,2021-09,2021Q3,North,59115.31,71,13660,45455.31,76.89,832.61
10,8964549412,2023-05,2023Q2,West,39914.28,42,13451,26463.28,66.3,950.3399999999999
10,8972687718,2021-02,2021Q1,North,1983.9,2,396,1587.9,80.04,991.95
10,9156494266,2022-06,2022Q2,South,45299.04,48,9241,36058.04,79.6,943.73
10,9229908951,2022-10,2022Q4,North,12048.96,96,2881,9167.96,76.09,125.50999999999999
10,9234356273,2023-04,2023Q2,East,17611.0,22,5201,12410.0,70.47,800.5
10,9405650846,2023-01,2023Q1,East,39186.37,79,11390,27796.370000000006,70.93,496.03000000000003
10,9474012645,2022-05,2022Q2,North,2510.76,12,524,1986.76,79.13,209.23000000000002
10,9738113930,2022-12,2022Q4,South,39728.4,40,10949,28779.4,72.44,993.21
10,9815681099,2023-02,2023Q1,East,71467.5,75,16358,55109.5,77.11,952.9
10,9866955432,2023-03,2023Q1,East,58764.69,81,16674,42090.69,71.63,725.49
10,9964996883,2022-04,2022Q2,North,6885.92,16,1913,4972.92,72.22,430.37
12,1096240671,2023-02,2023Q1,South,49088.79,97,11680,37408.79,76.21,506.07
12,1186300871,2022-10,2022Q4,East,57929.6,86,17384,40545.6,69.99,673.6
12,1258169690,2022-08,2022Q3,South,66179.68,74,20789,45390.67999999999,68.59,894.3199999999999
12,138369,2022-07,2022Q3,South,65420.08,88,22070,43350.08,66.26,743.41
12,1407544115,2021-06,2021Q2,South,27584.8,29,7506,20078.8,72.79,951.1999999999999
12,1476606701,2021-09,2021Q3,West,5450.52,12,1281,4169.52,76.5,454.21000000000004
12,1663531731,2023-10,2023Q4,West,790.59,3,276,514.59,65.09,263.53000000000003
12,1684919022,2021-06,2021Q2,East,19963.92,24,5844,14119.919999999998,70.73,831.8299999999999
12,1686661275,2021-11,2021Q4,East,57115.52,61,14099,43016.52,75.31,936.3199999999999
12,16907546,2022-03,2022Q1,South,4474.58,86,1526,2948.58,65.9,52.03
12,1710612075,2021-01,2021Q1,North,27422.69,29,6069,21353.69,77.87,945.6099999999999
12,1766049957,2023-12,2023Q4,West,82391.0,100,22003,60388.0,73.29,823.91
12,1813576057,2021-01,2021Q1,South,32778.3,37,10806,21972.300000000007,67.03,885.9000000000001
12,1972918694,2021-01,2021Q1,East,9740.37,41,2822,6918.370000000001,71.03,237.57000000000002
12,2257537272,2023-01,2023Q1,South,7182.0,42,2118,5064.0,70.51,171.0
12,2823492748,2021-12,2021Q4,North,36256.66,97,9762,26494.660000000003,73.08,373.78000000000003
12,3383980468,2021-01,2021Q1,East,24191.18,26,5269,18922.18,78.22,930.4300000000001
12,3388313267,2021-09,2021Q3,East,41242.08,73,9737,31505.08,76.39,564.96
12,3408974004,2022-04,2022Q2,West,20532.6,90,6929,13603.6,66.25,228.14
12,3521233844,2022-12,2022Q4,West,27427.5,53,7202,20225.5,73.74,517.5
12,3560815727,2022-12,2022Q4,South,1344.0,30,364,980.0,72.92,44.8
12,364643234,2022-02,2022Q1,South,7285.75,25,2288,4997.75,68.6,291.43
12,3724640221,2021-12,2021Q4,East,29387.52,64,9255,20132.52,68.51,459.18
12,3781915631,2022-03,2022Q1,South,73913.8,95,16802,57111.8,77.27,778.0400000000001
12,3951656443,2021-07,2021Q3,West,44246.28,78,14158,30088.28,68.0,567.26
12,415391676,2021-09,2021Q3,West,88540.63,97,23501,65039.63000000001,73.46,912.7900000000001
12,4170953969,2022-06,2022Q2,West,27984.6,42,6660,21324.6,76.2,666.3
12,4313791096,2023-01,2023Q1,North,36181.35,45,11008,25173.35,69.58,804.03
12,4320517278,2023-05,2023Q2,South,37982.56,44,13219,24763.56,65.2,863.2399999999999
12,4422869786,2022-04,2022Q2,South,12260.56,52,2969,9291.56,75.78,235.78
12,4425924396,2021-04,2021Q2,South,664.84,4,151,513.84,77.29,166.21
12,4455174320,2021-11,2021Q4,West,21050.04,33,4299,16751.04,79.58,637.88
12,4472230631,2021-11,2021Q4,East,46435.03,61,14083,32352.03,69.67,761.23
12,4523740580,2022-08,2022Q3,South,30414.0,100,9923,20491.0,67.37,304.14
12,4526005599,2021-06,2021Q2,East,12100.95,45,4033,8067.950000000002,66.67,268.91
12,4646724171,2022-01,2022Q1,West,16304.47,19,4782,11522.47,70.67,858.13
12,4774839101,2022-01,2022Q1,North,55051.35,93,18694,36357.35,66.04,591.9499999999999
12,4851895357,2023-08,2023Q3,North,494.4,2,152,342.4,69.26,247.2
12,4864631645,2022-10,2022Q4,South,22447.08,92,7504,14943.080000000002,66.57,243.99
12,4959176705,2022-03,2022Q1,North,19842.0,75,4803,15039.0,75.79,264.56
12,4963278552,2022-04,2022Q2,East,23848.11,33,5281,18567.11,77.86,722.6700000000001
12,5009787637,2023-06,2023Q2,South,25131.6,36,5530,19601.6,78.0,698.0999999999999
12,5033244037,2023-06,2023Q2,West,38868.96,52,12645,26223.96,67.47,747.48
12,5221209747,2023-09,2023Q3,South,9858.48,24,2615,7243.48,73.47,410.77
12,5245484976,2022-01,2022Q1,East,14176.64,64,3548,10628.64,74.97,221.51
12,5282195286,2021-04,2021Q2,South,17496.8,20,4036,13460.8,76.93,874.8399999999999
12,5530955686,2022-08,2022Q3,South,48360.91,53,10812,37548.91,77.64,912.47
12,575213934,2022-02,2022Q1,West,9233.57,61,2608,6625.57,71.76,151.37
12,5873615463,2023-02,2023Q1,West,25200.78,33,8052,17148.78,68.05,763.66
12,5938108967,2021-08,2021Q3,West,56939.04,72,19263,37676.04,66.17,790.82
12,5938433168,2021-07,2021Q3,North,43272.18,63,12994,30278.18,69.97,686.86
12,5989379548,2023-09,2023Q3,East,4271.04,72,1104,3167.04,74.15,59.32
12,5989883825,2022-12,2022Q4,South,8119.46,19,1675,6444.46,79.37,427.34
12,6060910414,2023-08,2023Q3,South,11808.72,63,3553,8255.72,69.91,187.44
12,6181195585,2023-02,2023Q1,North,88190.04,93,20537,67653.04,76.71,948.28
12,6270307476,2021-11,2021Q4,North,4013.55,9,974,3039.55,75.73,445.95000000000005
12,6399851263,2021-06,2021Q2,North,48755.96,58,15233,33522.96,68.76,840.62
12,6590097243,2023-11,2023Q4,East,41848.8,94,8941,32907.8,78.63,445.20000000000005
12,6591710706,2021-02,2021Q1,North,45731.49,59,11424,34307.49,75.02,775.11
12,6593251868,2023-09,2023Q3,East,69780.75,85,18514,51266.75,73.47,820.95
12,6676622095,2021-06,2021Q2,South,27478.92,28,8753,18725.92,68.15,981.39
12,6728710411,2022-08,2022Q3,North,1170.18,3,254,916.18,78.29,390.06
12,6799969380,2022-05,2022Q2,South,19335.36,48,5225,14110.36,72.98,402.82
12,682060559,2022-10,2022Q4,North,19672.53,37,5253,14419.53,73.3,531.6899999999999
12,7037398199,2023-08,2023Q3,North,5958.15,69,1842,4116.15,69.08,86.35
12,7052301898,2022-11,2022Q4,North,41236.65,57,12691,28545.65,69.22,723.45
12,7325417346,2023-09,2023Q3,South,25638.9,42,7729,17909.9,69.85,610.45
12,7394347092,2023-06,2023Q2,East,39650.28,41,9407,30243.28,76.28,967.0799999999999
12,743578746,2022-02,2022Q1,West,27753.0,29,7891,19862.0,71.57,957.0
12,7443526178,2023-05,2023Q2,South,15158.65,65,3650,11508.65,75.92,233.21
12,747296987,2021-08,2021Q3,South,3399.96,87,1095,2304.96,67.79,39.08
12,7974464428,2021-07,2021Q3,West,78091.17,93,21258,56833.17,72.78,839.6899999999999
12,8081070102,2022-07,2022Q3,South,2302.65,43,579,1723.65,74.86,53.550000000000004
12,8380239948,2022-07,2022Q3,South,14117.82,17,2938,11179.82,79.19,830.46
12,8432630419,2021-09,2021Q3,North,1530.6,3,534,996.6,65.11,510.2
12,8702571261,2023-11,2023Q4,East,6616.64,58,1409,5207.64,78.71,114.08000000000001
12,8711449823,2023-05,2023Q2,North,2456.02,7,573,1883.02,76.67,350.86
12,873088919,2023-01,2023Q1,South,4899.84,48,1645,3254.84,66.43,102.08
12,883477859,2021-07,2021Q3,North,12092.36,76,2888,9204.36,76.12,159.11
12,8988969551,2023-11,2023Q4,West,76886.04,84,21698,55188.03999999999,71.78,915.31
12,9004855415,2023-07,2023Q3,South,562.8,15,126,436.8,77.61,37.519999999999996
12,9007417564,2021-07,2021Q3,North,56366.7,78,12283,44083.7,78.21,722.65
12,9117902414,2023-02,2023Q1,West,22509.32,74,7868,14641.32,65.05,304.18
12,927571217,2021-09,2021Q3,North,8552.4,10,2173,6379.4,74.59,855.24
12,9317370713,2022-06,2022Q2,West,30260.44,98,10210,20050.44,66.26,308.78
12,9441889917,2022-07,2022Q3,East,34470.45,35,9954,24516.45,71.12,984.8699999999999
12,9452877416,2022-06,2022Q2,North,68146.56,72,14778,53368.56,78.31,946.48
12,9708904584,2023-04,2023Q2,West,26096.25,75,8982,17114.25,65.58,347.95
12,9746551913,2021-10,2021Q4,North,61759.68,96,18962,42797.68,69.3,643.33
12,9988777328,2022-01,2022Q1,North,2150.37,9,704,1446.37,67.26,238.92999999999998
13,1472886855,2021-04,2021Q2,East,29362.76,71,10207,19155.76,65.24,413.56
13,1767507572,2021-08,2021Q3,East,1307.8,13,377,930.8,71.17,100.6
13,1804303154,2022-09,2022Q3,South,69710.4,96,18040,51670.4,74.12,726.15
13,180930222,2022-11,2022Q4,South,56310.12,68,13113,43197.12,76.71,828.09
13,2004951375,2022-09,2022Q3,East,20064.0,100,5885,14179.0,70.67,200.64
13,2069471223,2021-06,2021Q2,West,30862.21,73,6302,24560.21,79.58,422.77
13,2175072716,2021-06,2021Q2,North,41663.13,43,8853,32810.13,78.75,968.91
13,2296909152,2023-07,2023Q3,East,67842.24,96,22548,45294.24000000001,66.76,706.69
13,2472684281,2022-10,2022Q4,East,12275.2,56,3984,8291.2,67.54,219.20000000000002
13,2860230829,2023-05,2023Q2,North,4041.32,71,935,3106.32,76.86,56.92
13,2870571090,2021-07,2021Q3,West,33926.4,76,8404,25522.4,75.23,446.40000000000003
13,2944810463,2022-06,2022Q2,South,2947.6,20,645,2302.6,78.12,147.38
13,2947160045,2021-05,2021Q2,South,24281.07,33,7164,17117.07,70.5,735.79
13,2978858186,2022-09,2022Q3,South,73949.6,80,15108,58841.60000000001,79.57,924.3700000000001
13,3034457136,2021-05,2021Q2,East,14415.15,17,3381,11034.15,76.55,847.9499999999999
13,315964765,2023-01,2023Q1,West,62618.85,63,20488,42130.85,67.28,993.9499999999999
13,3463996968,2023-12,2023Q4,West,8763.69,69,1799,6964.690000000001,79.47,127.01
13,3650711379,2023-11,2023Q4,West,1492.48,64,335,1157.48,77.55,23.32
13,3731074803,2022-11,2022Q4,South,65129.1,69,14042,51087.1,78.44,943.9
13,3918693536,2021-01,2021Q1,South,16615.48,28,3850,12765.48,76.83,593.41
13,4024090550,2023-08,2023Q3,South,38558.4,87,13418,25140.4,65.2,443.2
13,4134776847,2023-10,2023Q4,South,2899.68,84,774,2125.68,73.31,34.519999999999996
13,5044648885,2023-05,2023Q2,North,3309.67,7,880,2429.67,73.41,472.81
13,5163841535,2021-05,2021Q2,West,10332.0,28,2532,7800.0,75.49,369.0
13,5201203626,2022-05,2022Q2,West,44392.8,60,13685,30707.800000000007,69.17,739.88
13,5663894100,2023-06,2023Q2,West,30712.63,31,8259,22453.63,73.11,990.73
13,574489232,2022-05,2022Q2,North,301.98,14,68,233.98,77.48,21.57
13,5837298438,2023-09,2023Q3,East,1669.5,45,421,1248.5,74.78,37.1
13,5972162084,2021-03,2021Q1,South,21396.34,49,4433,16963.34,79.28,436.66
13,6069185905,2023-02,2023Q1,North,68152.82,94,22861,45291.82000000001,66.46,725.0300000000001
13,6084419546,2022-01,2022Q1,North,7641.19,31,1737,5904.19,77.27,246.48999999999998
13,6221882408,2021-01,2021Q1,South,75533.64,78,24581,50952.64,67.46,968.38
13,631767002,2021-01,2021Q1,South,14955.16,41,5198,9757.16,65.24,364.76
13,6512652833,2023-08,2023Q3,South,16045.95,69,4081,11964.95,74.57,232.55
13,6685556381,2022-06,2022Q2,South,1504.51,7,460,1044.51,69.43,214.93
13,6779937181,2022-05,2022Q2,South,658.96,8,160,498.96,75.72,82.37
13,6865789704,2021-09,2021Q3,West,352.04,4,109,243.04,69.04,88.01
13,7009327093,2023-06,2023Q2,North,28343.83,89,7588,20755.83,73.23,318.47
13,7044161069,2023-07,2023Q3,South,7038.68,68,2087,4951.68,70.35,103.51
13,7065499118,2023-05,2023Q2,East,27189.48,31,7823,19366.48,71.23,877.08
13,7131482209,2023-01,2023Q1,South,6502.44,42,1822,4680.44,71.98,154.82
13,7228210522,2022-11,2022Q4,South,20783.25,25,6581,14202.25,68.34,831.33
13,729910884,2021-02,2021Q1,North,67228.88,68,20756,46472.88000000001,69.13,988.6600000000001
13,7301051992,2022-02,2022Q1,East,409.81,1,96,313.81,76.57,409.81
13,7312413176,2023-11,2023Q4,East,10180.5,11,2140,8040.5,78.98,925.5
13,7322563818,2023-06,2023Q2,North,2992.75,5,989,2003.75,66.95,598.55
13,7418817507,2021-09,2021Q3,West,28209.3,98,6007,22202.3,78.71,287.84999999999997
13,7469992048,2021-04,2021Q2,West,16168.36,59,3296,12872.36,79.61,274.04
13,7637139312,2023-07,2023Q3,West,27708.73,31,8771,18937.73,68.35,893.83
13,7646478548,2021-02,2021Q1,North,460.24,1,145,315.24,68.49,460.24
13,7732735794,2022-02,2022Q1,East,1773.5,10,409,1364.5,76.94,177.35
13,7757868508,2022-08,2022Q3,East,16661.97,39,5104,11557.97,69.37,427.23
13,7792486389,2021-11,2021Q4,South,599.7,10,142,457.7000000000001,76.32,59.970000000000006
13,8555866492,2021-04,2021Q2,East,54529.75,79,12234,42295.75,77.56,690.25
13,9039627894,2023-07,2023Q3,West,32768.52,34,9546,23222.52,70.87,963.7799999999999
13,9185713499,2022-10,2022Q4,East,1700.85,87,466,1234.85,72.6,19.55
13,949707408,2021-04,2021Q2,North,42738.15,65,10219,32519.15,76.09,657.51
13,9549971933,2023-12,2023Q4,West,13994.25,15,2973,11021.25,78.76,932.95
13,9729232156,2022-12,2022Q4,West,76511.89,91,17672,58839.89,76.9,840.79
13,9863587783,2022-04,2022Q2,West,3742.65,45,961,2781.65,74.32,83.17
15,1029531894,2022-02,2022Q1,North,28230.92,29,7344,20886.92,73.99,973.4799999999999
15,1418444147,2022-12,2022Q4,South,10387.2,40,3610,6777.200000000002,65.25,259.68
15,1619740152,2023-12,2023Q4,East,7834.36,73,2272,5562.36,71.0,107.32
15,1654694408,2023-04,2023Q2,West,86140.85,97,21961,64179.85000000001,74.51,888.0500000000001
15,2190796858,2021-10,2021Q4,East,2727.28,73,677,2050.28,75.18,37.36
15,2343721414,2022-05,2022Q2,East,12143.85,57,2992,9151.85,75.36,213.05
15,2434020746,2022-06,2022Q2,South,36832.35,53,11651,25181.35,68.37,694.9499999999999
15,2638637345,2023-05,2023Q2,East,9628.29,31,2305,7323.290000000001,76.06,310.59000000000003
15,2683479319,2022-06,2022Q2,East,34799.04,72,7639,27160.04,78.05,483.32
15,2937837396,2022-06,2022Q2,West,2947.32,36,934,2013.32,68.31,81.87
15,3563815176,2021-10,2021Q4,North,1024.8,20,263,761.8,74.34,51.239999999999995
15,381434697,2022-01,2022Q1,East,64623.79,89,19411,45212.79,69.96,726.11
15,4100476099,2023-12,2023Q4,West,34877.0,100,7517,27360.0,78.45,348.77
15,4195430488,2022-05,2022Q2,South,11293.0,23,3797,7496.0,66.38,491.0
15,4383517275,2023-09,2023Q3,West,52604.16,57,10590,42014.16,79.87,922.8800000000001
15,4666019351,2023-03,2023Q1,West,33281.28,64,9260,24021.28,72.18,520.02
15,5496910050,2023-04,2023Q2,East,19232.1,34,6337,12895.1,67.05,565.65
15,5756292079,2023-05,2023Q2,West,32504.52,69,11218,21286.52,65.49,471.08
15,6072353900,2023-02,2023Q1,North,12911.86,53,3331,9580.86,74.2,243.62
15,6302934579,2021-06,2021Q2,North,45650.64,84,12696,32954.64,72.19,543.46
15,6491560709,2023-08,2023Q3,North,2801.28,3,662,2139.28,76.37,933.7600000000001
15,7009748145,2023-07,2023Q3,North,34172.16,88,11602,22570.160000000003,66.05,388.32000000000005
15,7281839675,2022-03,2022Q1,North,9799.97,47,3091,6708.969999999998,68.46,208.51
15,733563994,2022-01,2022Q1,South,25952.74,46,5992,19960.74,76.91,564.19
15,7795770789,2023-07,2023Q3,West,46748.65,53,15568,31180.65,66.7,882.0500000000001
15,783849875,2023-12,2023Q4,West,1472.05,59,342,1130.05,76.77,24.95
15,8298645403,2021-09,2021Q3,East,26877.4,38,7712,19165.4,71.31,707.3000000000001
15,8937860754,2022-04,2022Q2,West,7732.2,14,1613,6119.2,79.14,552.3
15,896111045,2023-11,2023Q4,North,6905.1,10,2103,4802.1,69.54,690.51
15,9373238804,2023-05,2023Q2,South,90589.95,99,28051,62538.95,69.04,915.05
17,1127694273,2022-12,2022Q4,West,5608.92,6,1837,3771.92,67.25,934.82
17,1218685855,2022-12,2022Q4,South,16983.97,31,5295,11688.97,68.82,547.87
17,1356213985,2023-10,2023Q4,North,63605.76,64,21218,42387.76,66.64,993.84
17,1974277228,2021-02,2021Q1,South,76351.84,82,23656,52695.84,69.02,931.12
17,20988254,2022-01,2022Q1,North,448.52,2,115,333.52,74.36,224.26
17,2125633901,2022-10,2022Q4,North,26643.75,35,8981,17662.75,66.29,761.25
17,2126454372,2022-10,2022Q4,West,24097.56,92,5438,18659.56,77.43,261.93
17,2478282811,2021-03,2021Q1,South,20571.76,97,5353,15218.759999999998,73.98,212.07999999999998
17,249515668,2022-03,2022Q1,East,8076.18,67,2818,5258.18,65.11,120.54
17,2602291599,2023-05,2023Q2,East,69942.94,86,20479,49463.94,70.72,813.2900000000001
17,2668035891,2022-08,2022Q3,North,4392.06,71,1104,3288.0600000000004,74.86,61.86000000000001
17,314234032,2023-07,2023Q3,West,54778.08,98,14514,40264.08,73.5,558.96
17,3277421556,2021-12,2021Q4,South,12999.96,54,4027,8972.96,69.02,240.73999999999998
17,3465494847,2021-04,2021Q2,South,32626.0,50,7668,24958.0,76.5,652.52
17,3562599981,2021-06,2021Q2,West,14721.63,77,3814,10907.63,74.09,191.19
17,3801672188,2023-09,2023Q3,West,47851.44,56,12149,35702.44,74.61,854.49
17,380433705,2022-07,2022Q3,East,13222.44,27,3701,9521.44,72.01,489.72
17,4265327738,2021-04,2021Q2,West,80344.32,98,19634,60710.32000000001,75.56,819.84
17,4573591979,2021-11,2021Q4,North,30504.88,38,7259,23245.88,76.2,802.76
17,4677182748,2022-04,2022Q2,West,30091.53,51,7292,22799.53,75.77,590.03
17,4738575979,2022-12,2022Q4,North,1080.84,12,239,841.8399999999998,77.89,90.07
17,4850906371,2022-09,2022Q3,East,8160.1,13,2340,5820.1,71.32,627.7
17,4887404403,2023-03,2023Q1,East,54645.92,56,17116,37529.92,68.68,975.8199999999999
17,4969406012,2021-03,2021Q1,North,21777.78,23,6442,15335.78,70.42,946.8599999999999
17,4991175220,2023-06,2023Q2,East,13466.88,14,2960,10506.88,78.02,961.92
17,4993464094,2021-09,2021Q3,North,3990.8,20,1296,2694.8,67.53,199.54000000000002
17,5143680217,2022-11,2022Q4,West,28576.12,89,9155,19421.12,67.96,321.08
17,525443496,2023-09,2023Q3,South,22021.12,44,4722,17299.12,78.56,500.47999999999996
17,5581710802,2022-03,2022Q1,South,15815.79,27,4905,10910.79,68.99,585.77
17,580754290,2023-12,2023Q4,South,7874.4,24,2378,5496.4,69.8,328.09999999999997
17,5847836720,2021-05,2021Q2,North,35606.5,85,8625,26981.5,75.78,418.9
17,6076531859,2023-11,2023Q4,West,2142.0,84,457,1685.0,78.66,25.5
17,6247465141,2021-10,2021Q4,East,3502.91,47,767,2735.91,78.1,74.53
17,6301399755,2022-07,2022Q3,East,64175.28,67,19190,44985.28,70.1,957.84
17,6575965929,2022-05,2022Q2,East,15981.03,29,4308,11673.03,73.04,551.07
17,6685168401,2021-09,2021Q3,West,5319.81,51,1623,3696.81,69.49,104.31
17,6731218496,2023-01,2023Q1,North,12245.2,20,3478,8767.2,71.6,612.26
17,680650767,2022-10,2022Q4,East,18731.67,41,3923,14808.669999999998,79.06,456.86999999999995
17,7070219350,2021-02,2021Q1,East,3693.62,49,1011,2682.62,72.63,75.38
17,730230382,2021-06,2021Q2,North,73871.05,95,23820,50051.05,67.75,777.59
17,7800933689,2021-12,2021Q4,East,15548.16,32,4681,10867.16,69.89,485.88
17,7837421780,2023-10,2023Q4,East,5610.92,7,1869,3741.92,66.69,801.5600000000001
17,7945333228,2022-03,2022Q1,North,49880.05,89,12963,36917.05,74.01,560.45
17,7948838053,2022-01,2022Q1,North,4748.76,36,982,3766.76,79.32,131.91
17,8112257314,2021-02,2021Q1,West,47.0,2,15,32.0,68.09,23.5
17,8126256522,2021-09,2021Q3,North,31424.86,38,9637,21787.86,69.33,826.97
17,8167691058,2023-05,2023Q2,North,27494.0,40,5741,21753.0,79.12,687.35
17,8200805303,2022-04,2022Q2,West,8750.16,72,2100,6650.16,76.0,121.53
17,8362766417,2021-03,2021Q1,North,589.58,41,135,454.58,77.1,14.38
17,8364875598,2023-11,2023Q4,West,24762.85,35,8592,16170.85,65.3,707.51
17,8889519833,2023-01,2023Q1,South,7277.58,54,1744,5533.58,76.04,134.77
17,8895118703,2022-09,2022Q3,East,21976.8,48,6290,15686.8,71.38,457.84999999999997
17,9000360363,2021-04,2021Q2,East,215.11,7,44,171.11,79.55,30.73
17,9097933458,2022-04,2022Q2,East,13731.11,19,3015,10716.11,78.04,722.69
17,911071247,2023-05,2023Q2,East,2506.75,5,716,1790.75,71.44,501.35
17,9617627274,2021-07,2021Q3,East,2289.4,5,561,1728.4,75.5,457.88
17,9666900433,2023-10,2023Q4,East,3419.7,6,795,2624.7,76.75,569.9499999999999
17,9822228921,2023-05,2023Q2,North,33203.44,82,8956,24247.44,73.03,404.92
17,991125148,2021-07,2021Q3,West,4400.5,65,938,3462.5,78.68,67.7
17,9960102665,2022-07,2022Q3,North,35622.78,61,11555,24067.78,67.56,583.98
18,2112998302,2022-07,2022Q3,West,33171.84,72,11400,21771.84,65.63,460.71999999999997
18,279422429,2023-06,2023Q2,South,73880.25,75,23158,50722.25,68.65,985.07
18,3048499974,2023-09,2023Q3,North,3903.2,10,784,3119.2,79.91,390.32
18,3119172046,2021-08,2021Q3,South,22258.46,74,4746,17512.46,78.68,300.78999999999996
18,4372461906,2021-08,2021Q3,South,2046.33,99,545,1501.33,73.37,20.669999999999998
18,4633051350,2023-04,2023Q2,East,9660.0,42,3110,6550.0,67.81,230.0
18,474481108,2023-09,2023Q3,South,43024.0,80,13947,29077.0,67.58,537.8
18,4833697065,2022-09,2022Q3,East,23194.99,71,5192,18002.99,77.62,326.69
18,4941801199,2021-06,2021Q2,East,59659.98,73,13999,45660.98,76.54,817.26
18,5151437172,2023-11,2023Q4,East,78026.49,81,23628,54398.49000000001,69.72,963.2900000000001
18,5187151635,2021-07,2021Q3,West,40878.09,99,13906,26972.09,65.98,412.90999999999997
18,5514456308,2022-03,2022Q1,North,392.52,12,87,305.52,77.84,32.71
18,5911645706,2022-11,2022Q4,East,33861.45,49,10803,23058.45,68.1,691.05
18,6317619100,2023-12,2023Q4,East,46341.06,47,13903,32438.06,70.0,985.9799999999999
18,6425258992,2022-05,2022Q2,South,25268.88,42,5474,19794.88,78.34,601.64
18,6463170848,2022-03,2022Q1,South,26769.24,46,7473,19296.24,72.08,581.94
18,6480259534,2021-04,2021Q2,East,7313.21,31,1757,5556.21,75.97,235.91
18,6786533897,2021-03,2021Q1,East,24911.3,46,5701,19210.3,77.11,541.55
18,6867459666,2021-12,2021Q4,North,68783.52,73,15098,53685.52,78.05,942.24
18,7509966403,2022-07,2022Q3,East,8780.51,53,2723,6057.51,68.99,165.67000000000002
18,7587405425,2021-04,2021Q2,East,35280.05,65,10592,24688.050000000007,69.98,542.7700000000001
18,7910727153,2022-05,2022Q2,West,65788.8,89,19754,46034.8,69.97,739.2
18,8495961094,2021-04,2021Q2,South,20337.98,26,5364,14973.98,73.63,782.23
18,8693862345,2023-02,2023Q1,West,11195.52,56,2963,8232.52,73.53,199.92000000000002
18,871088655,2023-06,2023Q2,East,6813.1,10,1428,5385.1,79.04,681.3100000000001
18,9184241514,2023-05,2023Q2,West,51869.52,61,13261,38608.52,74.43,850.3199999999999
18,9268510128,2023-10,2023Q4,North,14120.16,23,3777,10343.16,73.25,613.92
18,9284666396,2022-12,2022Q4,East,10371.01,13,2429,7942.01,76.58,797.77
18,9612654890,2022-09,2022Q3,North,8900.35,17,2038,6862.35,77.1,523.5500000000001
18,9655520794,2023-05,2023Q2,West,15999.64,53,3278,12721.64,79.51,301.88
